2602 4560
331 1022 555 1096 Sententiae
582 1029 865 1100 controversae.

139 1369 164 1427 I.
188 1368 247 1426 Cio.
272 1367 307 1425 de
329 1366 402 1425 finn.
424 1366 472 1438 Π,
497 1371 586 1439 3,10
616 1386 770 1443 perperam
794 1369 824 1428 0.
841 1370 875 1429 F.
892 1370 940 1430 W.
957 1372 1072 1432 Miiller
1095 1395 1146 1434 oo·

193 1470 266 1529 diois
289 1469 352 1528 Pal.
368 1473 404 1528 A.
420 1469 579 1529 lectionem
601 1476 673 1542 ‚tum
697 1489 761 1529 esse
784 1472 815 1530 in
837 1480 921 1532 motu
943 1474 1144 1552 voluptatem,

187 1591 276 1644 quae
297 1569 387 1661 [que]
417 1573 506 1632 faeiat
534 1573 708 1632 varietatem
737 1575 936 1651 voluptatum‘
964 1576 996 1635 in
1021 1584 1145 1640 textum

186 1675 315 1747 reduxit,
338 1694 427 1755 quam
450 1675 520 1735 olim
544 1676 691 1735 Davesius
713 1680 793 1736 reete
816 1678 945 1739 mutarit
966 1679 999 1738 in
1024 1683 1103 1760 ,qui‘
1127 1702 1145 1741 a

187 1779 337 1854 Madvigio
360 1783 464 1854 postea
486 1779 612 1857 aliisque
635 1781 788 1855 probatus.

124 1885 162 1942 ΙΙ.
186 1883 245 1941 Cio.
267 1881 344 1954 legg.
369 1880 427 1951 ΠΙ,
452 1886 480 1953 3,
506 1883 521 1939 7
546 1882 703 1954 legendum
726 1888 815 1958 puto:
843 1889 1004 1963 ,suntoque
1028 1887 1146 1946 aediles

257 1986 349 2062 isque
372 1984 408 2041 ad
431 1984 553 2042 honoris
576 1984 729 2060 amplioris
752 1986 874 2060 gradum
897 1986 1013 2062 primns
1037 2008 1144 2048 aseen-

187 2109 237 2146 sus
259 2090 343 2147 esto!
386 2085 488 2162 (codd.
511 2085 638 2166 ollisque
733 2087 760 2146 is
855 2107 994 2148 aseensus
1018 2092 1112 2168 esto.)

107 2191 164 2250 III.
189 2191 250 2249 Oia.
265 2189 342 2247 Phil.
359 2189 401 2261 H,
419 2194 458 2246 64
482 2188 685 2248 Hellmuthius
707 2189 726 2247 l.
738 2189 757 2246 l.
780 2209 936 2266 perperam
959 2190 991 2249 in
1011 2195 1144 2252 eundem

188 2293 268 2368 cogit
288 2293 386 2350 locum
409 2311 442 2350 ao
465 2292 501 2350 R.
518 2292 549 2350 0.
565 2291 602 2349 17
627 2296 736 2366 ,potest
756 2292 813 2351 hoo
834 2292 949 2351 homini
973 2293 1047 2353 huie
1070 2296 1145 2354 hae·

187 2414 252 2453 rere
274 2397 448 2470 peceatum‘.
486 2394 559 2452 Sest.
579 2398 618 2450 62
642 2394 788 2465 ,haereret
802 2394 855 2452 illa
869 2394 1068 2456 nihilominus
1085 2398 1144 2457 rei·

188 2496 324 2573 publioae
353 2496 526 2570 turpitudo‘.
570 2497 665 2554 Immo
688 2516 759 2556 vero
783 2502 885 2557 nostro
907 2496 972 2557 loco
997 2500 1086 2579 quasi
1112 2501 1144 2558 in

188 2619 280 2658 unum
302 2598 440 2671 verbum,
472 2602 552 2656 certe
573 2598 604 2656 in
628 2618 716 2657 unam
739 2600 892 2658 notionem
915 2600 1047 2662 eonfiata
1070 2608 1144 2662 sunt

188 2703 308 2777 ‚infixus
330 2702 442 2761 haeret‘
464 2728 507 2752 =
529 2701 634 2773 ,bleibt
656 2702 857 2776 singeheftet‘.

109 2808 164 2867 IV.
187 2807 246 2866 Cio.
269 2825 298 2881 p.
317 2807 407 2863 Maro.
428 2810 467 2863 23
491 2823 645 2880 propono:
667 2804 708 2876 ‚si
729 2824 801 2864 vero
824 2805 861 2863 ad
883 2806 1031 2866 humanos
1054 2827 1143 2868 easus

252 2908 371 2967 sceleris
394 2907 481 2967 etiam
506 2909 626 2966 aooedat
647 2907 821 2965 insidiarum
845 2908 931 2984 (trad.
948 2908 1143 2968 insidiarum·

189 3011 259 3092 que)
282 3010 464 3071 consensio‘:
486 3015 520 3069 ut
542 3009 662 3070 sceleris
684 3029 738 3085 pro
763 3009 927 3070 subiectivo
952 3010 1003 3088 qui
1021 3012 1142 3087 dieitur,

188 3113 362 3174 insidiarum
384 3133 438 3190 pro
455 3113 602 3172 obieotivo
626 3113 765 3188 genetivo
788 3113 941 3173 habeatur.
985 3114 1032 3172 De
1048 3116 1144 3176 eollo·

188 3218 303 3277 natione
334 3216 540 3293 genetivorum
569 3217 606 3275 of.
631 3217 759 3292 Madvig.
790 3218 826 3275 ad
856 3217 914 3276 cio.
937 3216 1010 3277 finn.
1033 3218 1064 3291 Ι,
1086 3222 1142 3292 14;

188 3322 304 3396 Zumpt.
326 3321 363 3379 ad
386 3321 470 3379 Verr.
494 3320 529 3392 V,
550 3323 617 3378 132.

127 3426 161 3484 V.
185 3424 273 3484 Dion.
296 3424 365 3483 Hal.
388 3428 461 3484 vett.
486 3424 599 3500 soriptt.
623 3443 703 3484 oens.
719 3427 755 3481 11
780 3424 870 3499 vulgo
893 3423 1019 3497 legitur:
1043 3418 1142 3502 Εὔρι-

189 3524 279 3603 atem
307 3522 360 3602 μέν
383 3518 408 3604 γ’
432 3515 469 3589 οὗ
491 3519 524 3584 ια’
549 3519 618 3585 ὅλον
642 3518 752 3601 ἀληθὲς
781 3521 833 3583 καὶ
855 3519 994 3604 προσεχὲς
1017 3527 1058 3608 τῷ
1083 3525 1142 3610 βίῳ

189 3630 230 3712 τῷ
252 3631 308 3688 νῦν
329 3621 442 3709 ἤρεσεν.
487 3630 595 3689 Procul
618 3629 706 3689 dubio
730 3628 805 3687 illud
828 3619 864 3687 οὐ
886 3629 918 3687 in
941 3614 997 3688 οὖν
1020 3634 1141 3690 mutan-

190 3734 259 3792 dum
283 3738 335 3793 est.

115 3839 166 3899 VI.
191 3840 279 3917 Apud
304 3839 390 3896 eund.
415 3838 484 3915 Lys.
504 3837 564 3895 iud.
585 3842 621 3893 14
643 3857 672 3911 p.
692 3841 751 3894 240
767 3837 802 3894 R.
826 3832 1024 3910 Theophrasti
1047 3837 1143 3895 verba

190 3945 232 4003 eia
254 3941 340 4017 lego:
370 3934 443 3998 ὅταν
471 3940 512 4020 τῷ
535 3931 616 4021 αὐτῷ
644 3931 679 3996 ταὶ
703 3935 820 3996 ἐναντία
842 3929 864 4012 ἦ
884 3935 956 4010 τοῖς
979 3929 1143 4012 ἐναντίοις

188 4040 227 4109 τὸ
250 4034 329 4107 αὐτὸ
352 4044 454 4122 (vulgo
478 4042 520 4125 τῷ
543 4039 664 4124 ἐναντίῳ
687 4033 722 4098 ταὶ
746 4033 836 4119 αὐτοὶ)
865 4032 886 4118 ἢ
908 4042 969 4111 τοῖς
993 4035 1143 4115 ἐναντίοις
