2602 4560
582 220 797 288 ..62-

152 381 289 454 gestae
310 377 368 436 iam
390 376 428 436 ab
451 395 497 450 eo,
521 377 573 455 qui
595 378 747 453 landatur,
768 398 831 448 res,
856 378 887 437 in
909 376 1003 438 altera
1024 374 1233 457 (8521-32)

152 480 343 558 gerendae
364 479 486 538 adhuc
506 480 716 557 respiciuntur.
760 481 841 540 Luce
863 480 943 539 enim
966 485 1012 541 est
1025 480 1136 540 clarius
1153 499 1233 540 com·

152 581 396 646 memorationem
426 581 617 657 insidiarum,
649 600 725 663 qnae
748 583 865 642 Caesari
888 602 906 641 a
927 583 1105 662 quibusdam
1131 583 1232 660 parari

152 690 328 749 dicebantur
349 682 399 766 (55
417 689 454 744 21
473 689 504 745 et
519 687 573 764 22)
595 686 805 748 transitum
827 687 914 746 modo
935 686 1053 747 efficere
1075 688 1114 746 ab
1137 685 1234 746 altera

150 794 187 851 ari
210 791 332 851 alteram
354 798 486 865 partem,
508 792 539 848 et
560 788 714 865 proprium
736 789 883 850 secundae
905 790 999 866 partie
1020 794 1231 865 argumentum

151 916 213 957 non
234 900 295 955 tam
309 891 457 952 contineri
478 889 525 950 his
542 891 642 952 verbis
665 911 754 963 ,nune
775 894 857 951 oenr'rr
878 893 918 950 od
934 894 1140 969 grauissimam
1163 909 1232 969 qae-

151 999 252 1058 rellum
276 1001 372 1074 e.q.s‘
405 1013 492 1074 qnam
514 993 578 1053 his:
608 995 720 1064 ,Omerie
741 1004 810 1053 erent
830 997 984 1054 exoriendo
1008 995 1075 1067 tibi,
1103 995 1136 1052 C.
1160 994 1232 1053 cae

151 1122 219 1171 ser,
252 1102 318 1170 uni,
349 1115 423 1177 quoe
444 1099 539 1155 serere
559 1100 647 1155 sentia
670 1097 740 1156 beili
758 1100 847 1175 eperia
869 1100 992 1175 impetu,
1021 1098 1099 1176 quod
1117 1114 1233 1156 neema

143 1205 219 1285 sint,
240 1201 379 1280 perculso
400 1209 485 1278 utque
502 1209 674 1277 prostrate.-
698 1202 897 1260 constituenda
919 1200 1040 1272 r'udr'eia,
1064 1200 1232 1260 reaccende

144 1307 234 1385 fider,
258 1305 487 1381 comprimendae
510 1302 653 1374 Ir'teiiriree,
674 1304 867 1381 propagando
888 1303 1013 1375 articles,
1038 1305 1134 1362 omnia
1158 1323 1232 1381 pure

152 1410 265 1487 dilapsa
292 1409 347 1465 ram
378 1404 571 1486 diffluxerant
598 1408 706 1465 severia
736 1406 847 1483 legitur
875 1407 1023 1466 venerenda
1051 1405 1230 1484 rant¹⁴⁶).‘

152 1512 211 1572 Sed
233 1530 271 1570 ne
294 1509 362 1589 quis
383 1509 456 1567 mihi
480 1513 615 1568 occurrat
634 1508 839 1585 interrogans,
862 1528 991 1590 quonam
1014 1508 1101 1569 modo
1124 1528 1231 1586 geren·

153 1615 255 1674 darum
276 1631 375 1673 rerum
398 1610 511 1671 mentio
533 1612 570 1670 ad
592 1610 709 1670 laudem
738 1631 827 1690 posse
855 1617 1005 1690 spectare,
1036 1619 1071 1672 ut
1091 1612 1123 1671 id
1145 1631 1230 1689 prae-

152 1718 301 1777 muniamz
324 1733 399 1795 quae
422 1718 522 1791 potest
543 1713 616 1790 fingi
639 1714 733 1773 maior
754 1715 827 1788 lans,
850 1734 939 1793 qnam
954 1715 1034 1795 qued
1056 1715 1156 1789 unius,
1180 1715 1230 1796 qui

152 1820 298 1892 laudetur,
320 1817 475 1894 ingenium
497 1835 531 1876 ao
548 1817 684 1894 potentia
698 1822 781 1877 tanta
795 1818 991 1894 praedicetur,
1014 1822 1049 1878 ut
1062 1818 1231 1878 futurarum

154 1941 254 1981 rerum
276 1921 356 1980 salus
377 1920 410 1980 in
432 1920 489 1979 hoo
510 1939 571 1979 nno
594 1919 764 1993 consistere,
787 1922 824 1980 ab
846 1922 904 1981 hcc
924 1940 986 1981 uno
1008 1921 1179 1997 exspectari
1200 1926 1232 1980 et

153 2024 254 2084 deberi
270 2029 301 2083 et
314 2042 401 2100 posse
417 2023 532 2082 dicatur
544 2021 633 2100 ¹4⁶)?
678 2025 778 2103 Atque
800 2023 885 2083 illum
901 2044 990 2104 quem
1011 2023 1099 2084 medo
1115 2024 1230 2085 detexi·

152 2148 232 2201 mus,
263 2126 422 2187 transitum
453 2125 644 2202 elegantioris
674 2144 739 2186 esse
770 2127 843 2187 artis
874 2127 948 2187 mihi
981 2127 1102 2207 quidem
1133 2127 1232 2187 habeo

224 2296 283 2365 146)
301 2297 357 2358 Quo
374 2310 420 2344 nos
432 2295 683 2345 Richter-Eberhardi
700 2297 823 2345 sententia
840 2297 928 2359 rapiat,
947 2298 1038 2358 optime
1051 2297 1231 2356 demonstrant,

154 2398 217 2444 quae
234 2384 266 2431 ad
283 2384 380 2431 initium
399 2397 452 2443 cap.
466 2381 489 2428 X
507 2382 624 2429 adnotat:
642 2381 775 2441 ‚Naehdem
793 2381 841 2430 cu.
859 2383 1054 2444 epicedieet
1077 2383 1123 2431 den
1139 2381 1232 2432 Caesar

152 2487 186 2519 aa
197 2471 260 2518 seiae
271 2471 330 2516 troie
339 2467 449 2528 Aufpabe
459 2469 569 2527 qemchnt
579 2469 628 2526 teat,
640 2469 707 2516 kehrt
717 2484 744 2516 er
754 2469 797 2514 met
808 2468 883 2516 ea'reem
891 2468 1020 2516 romara
1032 2469 1080 2530 ary*
1088 2468 1233 2531 diejitngete

159 2554 346 2617 Verpanpeuheit
362 2569 392 2602 m
409 2554 462 2600 dem
473 2553 635 2614 Heepahema
652 2555 728 2601 diem
748 2552 828 2601 rosea
845 2555 951 2602 motet!
985 2556 1019 2604 At
1031 2556 1074 2604 ilie
1086 2570 1161 2617 quern
1173 2557 1233 2604 dieii

154 2657 271 2692 excursus
288 2648 383 2703 septem
400 2640 571 2702 paragraphos
589 2641 688 2701 expiet,
705 2642 834 2703 preprium
852 2642 917 2702 quod
935 2643 989 2690 vult
1006 2642 1079 2690 huius
1096 2643 1177 2709 partie
1192 2656 1232 2690 ar·

153 2733 296 2790 gementum
308 2731 423 2787 quattuor
440 2731 536 2774 tantm
548 2726 686 2774 continetur
697 2728 868 2789 paragraphis.
905 2728 1035 2789 Quomodo
1046 2727 1072 2776 io
1084 2733 1234 2788 congrueret

152 2817 210 2876 iliis,
229 2829 292 2876 quaa
304 2813 390 2874 Quint.
402 2813 445 2871 lv,
459 2814 482 2871 i,
497 2815 527 2860 17
546 2813 578 2860 de
591 2813 732 2882 effossione
749 2813 883 2875 praecipit:
902 2815 935 2861 Ar
952 2815 995 2874 qai
1011 2829 1040 2861 ee
1057 2815 1137 2863 medea
1155 2831 1232 2863 mn·

148 2903 202 2962 pir,
228 2900 274 2948 cito
291 2899 370 2948 adid
385 2897 464 2947 redire
482 2897 558 2957 dete,
583 2898 646 2945 aar&
664 2898 780 2946 &cmii
814 2899 887 2960 Quod
914 2905 995 2948 autem
1017 2914 1045 2949 re
1061 2915 1124 2949 vera
1148 2907 1233 2950 orator

153 2989 242 3050 eap.X
260 2987 334 3035 adid
351 2987 498 3044 revertitur,
524 2986 590 3046 qnod
606 2999 660 3047 cap.
674 2985 721 3032 VIi
738 2986 855 3047 protulit,
883 3000 915 3033 ne
932 2985 958 3033 id
974 2986 1061 3035 eredas
1079 2992 1168 3036 centra
1184 3002 1231 3036 noa

154 3087 273 3134 pugnare,
292 3073 433 3120 memineris
445 3073 530 3131 velim,
548 3085 611 3131 quae
623 3072 656 3120 eit
667 3071 739 3120 huius
751 3072 870 3121 orationis
882 3071 1009 3120 condicio:
1026 3072 1135 3132 loquitur
1146 3078 1234 3123 enter

154 3159 219 3221 apud
238 3172 323 3206 omnes
341 3162 475 3216 munerea,
493 3158 537 3205 sed
554 3158 690 3217 alloquitur
706 3172 789 3206 unum.
825 3157 874 3218 Qui
887 3163 969 3206 antem
982 3158 1093 3217 ederant,
1110 3159 1177 3208 inter
1188 3172 1233 3209 eea

154 3260 204 3294 nen
221 3243 383 3292 dubitandum
401 3249 454 3302 eet,
480 3243 539 3302 quin
558 3242 663 3302 inerint,
688 3242 730 3302 qui
746 3244 850 3305 Pompei
875 3243 987 3303 partibus
1005 3243 1149 3303 aurierant,
1166 3249 1233 3295 carte

155 3331 197 3391 qni
222 3330 308 3379 eodem
333 3333 417 3378 essent
440 3329 522 3376 animo
547 3332 621 3388 atque
645 3333 735 3376 orator.
769 3328 809 3376 Ad
828 3329 873 3376 hoa
890 3328 960 3377 initio
978 3343 1032 3390 cap.
1045 3329 1070 3376 X
1091 3344 1233 3379 sermonem

155 3415 225 3476 quasi
243 3415 334 3463 avertit
359 3415 498 3464 acaeeare
524 3415 627 3462 humans
645 3429 700 3474 eos,
726 3429 782 3463 enm
799 3415 875 3463 semel
893 3415 1000 3464 ostendit
1013 3415 1040 3462 in
1057 3417 1234 3466 auocauere

155 3502 261 3563 positam
284 3514 338 3549 esse
355 3501 451 3562 patriae
469 3501 590 3560 salutem,
616 3506 644 3549 nt
661 3501 721 3548 vieti
738 3500 841 3548 victoria
858 3500 980 3560 aequitate
997 3500 1100 3550 abiectis
1118 3500 1234 3551 omm‘bns

155 3587 218 3636 ediis
235 3587 385 3646 insidiisque
411 3600 532 3647 ,omnes
555 3600 652 3634 unum
669 3586 791 3635 velint*
816 3586 865 3635 ie.
885 3600 931 3647 pro
948 3600 994 3634 sua
1009 3591 1081 3648 parte
1098 3587 1233 3637 Gaesarem

154 3674 179 3721 in
205 3687 279 3734 opere
304 3672 450 3720 difficillime
473 3672 599 3721 adiuvent.
634 3673 754 3720 Hortatus
774 3673 819 3720 hos
836 3677 861 3720 et
878 3672 948 3732 quasi
965 3677 1051 3721 nactus
1068 3687 1156 3722 eorum
1172 3680 1234 3723 rota

154 3761 169 3822 ᾖ
188 3762 220 3810 aa
238 3760 299 3807 haee
316 3759 391 3807 refert
408 3758 439 3805 ad
458 3757 589 3807 Caesarem
607 3758 666 3817 ,aiei
680 3764 713 3815 ra,
732 3754 876 3805 ccam
895 3772 981 3818 a.q.a.:
1003 3757 1093 3817 quibua
1111 3760 1179 3809 votis
1195 3760 1233 3808 nr-

155 3846 244 3894 mirum
260 3845 285 3892 id
303 3859 353 3892 una
370 3843 543 3892 continebatur
560 3858 647 3892 omnes
665 3844 731 3891 velle
749 3844 843 3904 patriae
861 3843 1011 3893 restitutoris
1030 3845 1097 3894 vitae
1115 3851 1142 3894 et
1157 3846 1233 3895 saluti

155 3934 290 3981 consulare.

225 4016 285 4082 146)
302 4019 341 4065 Na
358 4016 413 4076 quis
431 4030 477 4064 nos
495 4015 580 4064 eredat
597 4016 754 4065 immemores
771 4030 826 4064 essa
844 4029 929 4063 aarum
947 4029 1010 4075 quae
1028 4016 1085 4065 adn.
1101 4017 1151 4065 144
1169 4015 1231 4066 dixi-

154 4117 223 4152 mue:
240 4102 353 4150 videmur
370 4102 442 4151 nebia
460 4117 509 4150 nen
528 4107 649 4162 constare,
667 4102 712 4150 sed
728 4102 842 4152 videmur
859 4104 961 4150 tantum.
