2602 4560
542 219 832 282 ..72..,

231 375 470 448 „Oeon‘oneolam
492 394 548 452 pro
573 376 709 433 Deiotaro
731 395 813 453 pamm
837 375 1023 455 requirebas,
1050 375 1187 435 habebam

168 497 311 553 „meeeem,
345 477 421 553 qood
440 497 497 535 noo
517 487 665 555 potiorum.
711 481 810 556 Itaque
832 499 892 537 eom
917 478 974 537 libi
993 480 1078 550 misi,
1104 497 1188 557 quom

170 582 271 655 „uelim
293 583 337 639 sie
360 581 441 657 legas
464 591 496 639 ot
518 600 636 639 eoeosom
661 591 770 640 tenacem
792 591 821 640 el
838 585 945 660 inopem
962 602 1014 640 nee
1029 585 1190 660 scriptione

172 702 296 759 „mogno
328 703 412 760 opere
441 684 568 761 degazam.
616 687 674 742 Seo'
702 705 755 761 ego
785 685 894 761 hospiti
919 687 1010 744 oeloi
1038 694 1067 742 et
1097 687 1190 744 amieo

170 786 385 861 „metnosenlom
409 789 520 844 me‘ttere
543 788 624 846 ooloi
645 787 785 845 levidense
808 806 907 846 erasso
921 787 999 864 filo,
1029 789 1194 847 ene'osmolli

169 892 279 967 „ipsios
301 891 395 947 solent
417 909 478 947 esse
500 894 651 948 meooer¹o.“

106 993 172 1057 Qua
194 1012 232 1051 ex
256 993 384 1070 epistula
405 993 435 1051 id
452 999 531 1052 carte
553 993 672 1053 efficere
695 1013 851 1070 possumus
866 993 1040 1053 Ciceronem
1063 996 1192 1054 nonita

106 1097 205 1171 magni
227 1095 333 1155 fecisse
356 1096 438 1153 illam
463 1097 687 1169 oratiunculam,
711 1102 745 1156 ut
767 1096 856 1155 etiam
879 1096 1017 1155 Halmius
1042 1097 1191 1174 explicat:

108 1198 205 1277 ‚Dans
220 1217 286 1256 mon
309 1202 388 1257 einer
410 1187 584 1276 (lossernog
607 1201 723 1257 Ciceros
746 1202 775 1256 io
798 1201 885 1257 einum
911 1198 1009 1279 Beaefe
1032 1221 1069 1258 on
1093 1204 1191 1260 seston

106 1304 222 1360 Freoni
244 1301 393 1360 Dolabella
418 1301 545 1360 Glooben
568 1303 719 1373 selenites,
745 1322 777 1359 so
800 1302 850 1359 leot
872 1322 904 1359 er
926 1302 1016 1359 solist
1038 1302 1099 1381 ons
1114 1306 1192 1362 see'eee

98 1406 181 1469 ¹licie
209 1405 309 1463 oetaeo
340 1406 430 1463 leolen
455 1406 559 1463 Wcrtle
586 1407 712 1482 gelegt!
757 1407 820 1465 Neo
851 1405 875 1464 si
904 1406 1001 1465 locum
1034 1407 1117 1466 huno
1146 1428 1192 1481 eo,

108 1527 167 1587 quo
191 1508 328 1589 equidem
352 1509 442 1568 velim
465 1509 634 1582 referimus,
666 1529 740 1585 opus
763 1513 808 1568 est
830 1513 881 1568 aut
903 1509 1069 1567 Drumanni
1094 1511 1193 1586 expli·

108 1610 239 1684 catione,
272 1630 360 1690 quam
387 1612 521 1671 Halmius
551 1631 671 1692 quoque
700 1612 815 1689 aceepit
848 1614 889 1679 ,io
912 1612 972 1669 dem
996 1614 1193 1679 Caesarianos·

106 1715 191 1771 sollte
213 1714 293 1772 isselt
314 1714 365 1771 dee
388 1714 533 1772 Verioelol
554 1715 710 1785 entolelen,
736 1717 804 1773 dass
827 1715 873 1772 elie
888 1715 1123 1790 Angelegenleeit
1143 1717 1194 1772 des

108 1818 230 1874 lionoes
253 1818 302 1874 ilo
326 1819 428 1894 longer
451 1818 639 1897 beselilfo'gte
661 1819 705 1875 ols
727 1838 757 1876 es
779 1818 847 1877 eben
869 1819 915 1876 dee
932 1817 1131 1875 Vertilloesae
1145 1838 1194 1876 er-

106 1917 282 1996 forderlan
310 1927 362 1980 aut
384 1921 687 1981 Richter-Eberhardi
717 1921 802 1992 ,iiber
823 1923 900 1979 seciae
922 1921 997 1978 Reda
1020 1921 1123 1978 serleill
1146 1923 1194 1979 Cia

109 2041 175 2080 eeeo
198 2025 250 2081 mil
271 2023 540 2081 erleeoeleelier
563 2024 819 2083 Beseleideoloeii.‘

195 2125 251 2184 Sed
276 2126 384 2185 omissa
405 2128 460 2186 hae
482 2145 530 2198 re,
563 2126 703 2206 quoniam
733 2128 825 2186 semel
853 2125 1124 2186 demonstravimus
1146 2127 1196 2186 Oi·

110 2229 227 2288 aaronis
250 2229 451 2309 eloquentiam
482 2249 542 2288 non
565 2229 693 2289 caruisse
722 2228 953 2301 mutationibus,
985 2228 1075 2288 liceat
1104 2231 1197 2291 nobis

110 2332 268 2409 perpaucis
290 2332 480 2392 lineamentis
504 2338 599 2391 totum
617 2332 771 2391 Tullianae
787 2332 975 2412 eloquentiae
998 2351 1118 2391 cursum
1143 2336 1196 2393 ad·

111 2435 259 2493 umbrare.
305 2434 370 2498 Qua
392 2435 424 2493 in
446 2456 478 2494 re
502 2436 607 2494 summi
631 2435 688 2495 erit
711 2434 852 2494 momenti
881 2433 1027 2507 indicare,
1059 2435 1133 2514 quid
1157 2437 1197 2497 da

110 2538 346 2614 Philippicarum
364 2539 603 2614 generedicendi
628 2539 800 2597 iudicemus.
845 2540 889 2597 Aa
904 2536 1111 2597 Hellmuthius
1127 2539 1196 2619 qui-

112 2642 178 2699 dem
201 2662 230 2718 p.
248 2646 265 2699 5
290 2641 366 2701 hane
388 2641 514 2717 protulit
536 2641 730 2699 sententiam:

240 2746 390 2818 „Celerem
419 2747 467 2803 lie
495 2744 659 2802 monendam
687 2752 730 2801 esl
757 2745 837 2801 loesi
860 2762 971 2823 patiens
994 2745 1197 2821 proprietates
1256 2750 1258 2757 '

176 2867 251 2921 ‚,noo
273 2850 364 2906 selom
388 2851 416 2907 in
436 2851 540 2925 premis
562 2847 757 2918 orationibus,
791 2867 887 2904 oerum
910 2849 996 2905 etium
1020 2849 1197 2906 intermissis

178 2952 308 3028 „medela
335 2955 364 3010 io
387 2953 522 3009 ealremis
545 2953 565 3009 i.
581 2971 604 3007 e.
630 2953 659 3008 io
683 2949 864 3008 orationihus
886 2949 1054 3026 Philippicis
1077 2970 1196 3028 eompa-

176 3074 268 3127 „eere
315 3053 397 3129 Quod
416 3073 478 3111 eom
501 3073 572 3112 eoso
584 3053 701 3132 foetum
726 3073 864 3111 essenon
884 3054 989 3132 possit,
1016 3061 1096 3110 cerlo
1114 3056 1196 3112 ratio

177 3156 397 3233 „e’eeoesligooeio
420 3167 480 3227 esi,
505 3178 542 3215 ee
564 3177 619 3234 qno
644 3158 742 3215 Ce'eero
765 3158 976 3233 adpetitiones
999 3155 1114 3214 docendi
1134 3176 1196 3214 mo-

178 3280 255 3334 „rem
288 3263 458 3318 recurrerit.
507 3263 553 3318 Ae
585 3261 657 3317 mili
685 3261 796 3337 quidem
829 3261 961 3337 inprimis
994 3259 1064 3316 haee
1095 3259 1196 3317 volere

178 3366 273 3438 „rollo
292 3367 410 3423 volesne.
457 3365 633 3443 Philippicae
649 3367 793 3423 orationes
809 3385 865 3423 oon
880 3373 948 3422 sont
962 3364 1197 3422 odnoooerondoe

179 3470 251 3542 „ae
283 3488 354 3546 quoe
375 3469 414 3525 od
433 3469 552 3526 scobinae
576 3469 689 3527 docendi
707 3488 800 3544 genos
822 3488 852 3525 se
875 3468 1023 3545 opplieoni
1044 3475 1072 3524 el
1093 3465 1196 3523 verbo·

179 3592 260 3645 ‚pom
284 3581 390 3630 ornato
413 3573 578 3630 illosleoloe
601 3590 636 3629 ae
659 3571 811 3630 destoneles
833 3581 916 3641 soni,
948 3570 1000 3627 sed
1015 3571 1114 3647 polius
1137 3588 1196 3626 me-

179 3677 319 3750 „elioeeeni
340 3679 497 3734 orationem
520 3685 675 3753 sequnntur
697 3684 727 3732 ei
747 3677 860 3750 asperis
882 3672 1093 3750 oodoeibosqoe
1114 3674 1194 3730 ocei-

179 3780 249 3854 „bos
279 3783 307 3838 lo
337 3782 495 3838 Antonione
512 3776 663 3859 {caerosi
694 3780 918 3836 inimicissimam
952 3775 1077 3854 offertos
1111 3784 1191 3833 soni.

180 3887 298 3962 „lloqoe
317 3884 429 3941 Tollius
452 3879 672 3942 ooto'orotioois
695 3883 741 3938 oel
761 3884 893 3958 copiosae
916 3880 962 3937 oel
981 3879 1122 3954 elegantis
1146 3897 1194 3935 or-

179 3998 267 4061 „oolo
289 4008 324 4045 oe
345 3990 487 4045 soooiloie
508 3989 618 4044 one'mos
640 4004 753 4055 eorum,
787 3988 839 4061 qui
860 3982 982 4041 oodeient
1007 3979 1194 4060 perfundere,

180 4092 249 4166 „sed
276 4111 381 4148 omnem
411 4092 465 4148 aim
489 4090 666 4168 eloquentiae
688 4086 727 4144 od
747 4086 947 4162 castagnolum
974 4094 1058 4162 alque
1077 4083 1194 4160 pervel-
