2602 4560
560 209 752 274 ..6-

117 366 365 442 „Bemerknngen
387 387 455 425 num
472 365 697 442 Vulgarlatein“
719 365 752 423 in
766 366 916 441 Philologi
939 371 1020 426 tomo
1035 366 1194 424 XXXIV:

118 469 206 528 etiam
238 470 273 528 de
296 469 404 548 quibus
434 474 514 528 certa
542 469 600 527 iam
632 467 822 544 protulerunt
849 468 898 528 vel
920 469 1123 528 Hellmuthius
1144 469 1195 529 vel

117 571 312 645 Landgrafius
324 569 362 649 9),
384 571 529 630 nonnulla
544 571 710 629 afferemus.
754 571 782 627 N
784 588 817 630 ec
833 569 1026 630 dubitandum
1043 576 1096 642 est,
1120 571 1195 650 quin

117 673 228 745 Cicero,
251 672 363 751 quippe
379 673 430 751 qui
449 692 560 733 novum
583 671 736 731 effinxerit
759 673 904 731 urbanum
927 691 1102 746 sermonem,
1123 674 1193 732 ideo

118 794 237 855 quoque
260 775 297 834 ab
313 773 491 835 adversariis
506 775 546 847 sit
561 779 758 850 oppugnatus,
782 775 862 853 quod
884 775 941 833 hoc
963 780 1015 833 eut
1036 774 1110 833 illud
1126 795 1194 836 ver-

116 879 188 935 bum
210 898 321 938 novum
343 877 495 938 invenerit
515 879 565 936 vel
587 878 623 935 de
646 897 699 936 suo
723 877 878 950 addiderit,
902 878 981 955 quod
1004 883 1056 938 aut
1073 878 1194 936 omnino

117 979 258 1055 alingua
277 980 385 1040 Latina
412 980 618 1056 repudiaretur
647 984 699 1039 aut
728 985 809 1040 certe
838 979 1026 1039 acotidiano
1059 1000 1195 1039 sermone

117 1083 298 1142 abhorreret.
343 1082 481 1163 Denique
512 1102 564 1142 eae
597 1083 658 1142 sint
688 1082 871 1158 colligendae
905 1081 1085 1155 locutiones,
1117 1102 1195 1162 quae

118 1183 239 1243 omnino
251 1184 478 1264 exquisitionem
490 1205 561 1260 prae
574 1205 604 1244 se
615 1187 714 1247 ferant
726 1185 854 1261 speciem
866 1184 1021 1265 rariusque
1037 1191 1197 1262 propterea

117 1287 312 1347 inveniantur
341 1292 393 1346 aut
423 1288 501 1364 apud
524 1287 696 1348 Ciceronem
726 1293 779 1346 aut
801 1289 880 1364 apud
903 1307 1004 1347 omnes
1026 1288 1195 1364 scriptores,

119 1389 170 1467 qui
194 1389 225 1447 in
249 1389 392 1448 eiusmodi
415 1409 447 1448 re
470 1394 540 1449 eunt
560 1390 748 1466 respiciendi.

203 1493 249 1551 De
272 1492 381 1571 quibus
402 1494 492 1552 rebus
515 1494 652 1552 omnibus
674 1497 788 1552 certum
810 1493 888 1551 ferre
910 1492 1022 1572 ubique
1051 1493 1192 1552 iudicium

121 1595 188 1674 quis
218 1600 263 1655 est
294 1595 345 1673 qui
377 1601 468 1671 neget
496 1615 560 1655 esse
588 1593 784 1670 perdifficile?
827 1599 873 1654 Ac
894 1594 981 1654 nobis
1010 1595 1129 1673 quidem
1158 1598 1195 1654 ad

118 1697 192 1756 haec
221 1697 380 1756 iudicanda
409 1703 528 1774 praeter
557 1716 608 1756 eos
639 1717 714 1776 quos
745 1698 830 1756 modo
862 1697 1017 1759 attulimus
1042 1697 1135 1757 libros
1165 1705 1196 1757 et

117 1799 307 1874 pervulgatae
328 1800 433 1872 Neuei,
456 1800 607 1876 Draegeri,
629 1800 748 1876 Zumpti
771 1799 896 1858 aliorum
919 1808 997 1860 artes
1019 1801 1195 1879 plerumque

116 1921 178 1958 non
208 1907 307 1972 erant,
337 1903 485 1982 equibus
516 1903 702 1960 hauriremus
729 1902 863 1960 fontibus
893 1903 951 1960 nisi
974 1904 1195 1980 Mergueti10),

117 2003 218 2062 Nizoli
232 2004 281 2080 1¹)
311 2005 519 2077 Ciceroniana,
549 2005 726 2077 Forcellini,
756 2004 903 2077 Freundi,
940 2004 1081 2080 Georgeei
1104 2007 1195 2065 totius

115 2106 274 2167 latinitatis
304 2110 494 2169 onomastica.
539 2111 602 2168 Nec
631 2128 788 2185 possumus
815 2128 876 2167 non
898 2128 1034 2182 monere,
1066 2129 1104 2166 ne
1127 2109 1195 2187 quis

116 2208 317 2284 obliviscatur,
341 2231 429 2290 quam
453 2212 492 2271 sit
514 2211 636 2272 difficile
658 2213 737 2288 apud
760 2211 931 2272 Ciceronem
954 2211 1051 2288 ipsum
1074 2213 1195 2292 quidem

118 2313 301 2375 conditorem
333 2320 363 2374 et
383 2322 537 2391 parentem
565 2316 672 2375 urbani
702 2315 847 2375 sermonis
874 2315 923 2390 (cf.
946 2316 1025 2376 inter
1046 2315 1105 2374 alia
1126 2313 1194 2373 Tac.

118 2413 186 2472 dial.
204 2415 274 2493 20),
305 2423 448 2496 qnantum
473 2420 642 2479 discesserit
664 2421 700 2477 ab
722 2419 775 2477 illo
798 2420 911 2478 urbano
935 2438 1044 2495 genere
1067 2418 1193 2489 dicendi,

118 2517 293 2595 disquirere.

203 2623 248 2680 Ac
263 2622 478 2698 Ligariana
501 2623 621 2702 quidem
636 2623 771 2682 oratione
786 2624 873 2684 valde
889 2625 1001 2697 dubito,
1025 2645 1094 2683 num
1110 2623 1195 2683 cuiue

119 2722 231 2783 maiore
253 2725 445 2802 iureepuram
477 2727 597 2786 laudare
624 2727 771 2803 possimus
802 2727 1016 2801 elocutionem,
1047 2728 1086 2789 eit
1115 2727 1193 2801 apud

119 2844 221 2884 omnes
237 2829 398 2904 scriptores
414 2828 538 2889 Latinos
554 2829 665 2889 oratio:
688 2830 765 2889 nihil
787 2831 850 2889 fere
872 2831 912 2890 sit
934 2833 1013 2911 quod
1036 2832 1195 2888 adnotetur

119 2927 249 3003 dignum.
293 2933 370 2990 Nam
393 2953 470 3012 quae
492 2933 733 3014 breviloquentia
756 2936 880 3011 'sumpta
902 2953 919 2992 a
940 2933 1055 3008 volgari
1077 2930 1194 2988 dicendi

119 3034 335 3094 consuetudine
363 3036 413 3113 (cf.
436 3035 550 3093 Halmii
573 3038 641 3095 adn.
661 3037 698 3094 cd
720 3037 750 3095 h.
765 3036 798 3114 l.)
827 3034 844 3114 ξ
864 3041 903 3094 30
933 3034 1052 3094 videtur
1080 3030 1195 3089 inesse:

119 3138 248 3206 erravit,
283 3137 384 3213 leprae
406 3147 467 3207 ert,
500 3157 556 3195 non
577 3141 694 3213 putavit
714 3139 768 3214 (sc.
791 3157 822 3197 se
844 3135 995 3212 peecare):
1022 3136 1051 3192 si
1071 3151 1193 3209 anquam

116 3241 240 3314 posttea
264 3241 317 3317 (sc.
340 3242 517 3317 peccaverit,
539 3261 600 3300 non
621 3239 830 3317 deprecabor),
853 3239 972 3316 planam
994 3239 1085 3298 habet
1106 3257 1194 3297 excu-

120 3342 274 3401 sationem.
327 3346 399 3404 Cum
433 3345 512 3403 enim
546 3344 595 3403 hic
625 3345 738 3404 forensi
768 3342 941 3418 actioni¹²)
974 3343 1011 3400 ad
1040 3348 1194 3420 parentem

188 3477 213 3541 9)
233 3479 262 3526 C.
276 3481 406 3540 Landgraf
421 3483 478 3539 „De
490 3481 615 3528 Ciceronis
628 3480 766 3528 elocutione
777 3479 803 3527 in
816 3478 967 3526 orationibus
978 3493 1024 3539 pro
1036 3480 1065 3526 P.
1078 3477 1193 3538 Quinctio

120 3568 145 3609 et
163 3578 208 3623 pro
227 3565 292 3612 Sext.
311 3566 401 3613 Roscio
419 3569 474 3614 Am.
493 3567 651 3627 conspicua“.
671 3566 826 3626 Wiroeburg.
847 3567 921 3613 1878.

191 3647 232 3714 10)
251 3651 283 3697 H.
296 3653 409 3711 Merguet
423 3651 548 3709 „Lexicon
562 3667 593 3698 zu
606 3653 653 3699 den
665 3652 751 3699 Reden
764 3652 807 3698 des
820 3650 906 3699 Cicero
918 3652 967 3699 vol.
983 3650 1194 3716 1-111(A-P)“

120 3733 185 3782 dena
205 3739 346 3785 retr-80.

193 3821 235 3884 11)
253 3824 363 3872 Lexieon
381 3823 569 3871 Ciceronianam
587 3824 660 3871 Marii
676 3824 767 3872 Niaclii
785 3839 816 3874 ex
833 3839 927 3873 recens.
946 3825 1016 3872 Alex.
1036 3823 1102 3870 Scoti
1126 3824 1194 3882 (cura

119 3907 138 3951 I.
158 3907 312 3968 Faceiolatii)
330 3909 428 3957 Patavii
447 3910 520 3957 1⁷34.
678 3962 685 3977 .

191 3991 233 4056 12)
252 3995 318 4060 Cf.§
331 3997 364 4043 30
382 3995 449 4043 init:
468 3991 561 4041 onum
594 3991 609 3998 ⁴
741 3994 847 4045 ‘unas
865 3995 972 4057 aetam
990 4001 1080 4053 uwm,
1099 3993 1156 4040 dam
1172 4000 1195 4039 te

119 4076 146 4124 in
155 4079 238 4136 sero
254 4082 329 4131 uenit
343 4081 406 4131 rata
