2602 4560
548 221 760 286 ..63-

112 394 302 453 persuasum:
332 394 440 453 nempe
461 396 528 436 cum
549 378 724 457 plerumque
744 378 776 436 id
799 377 838 437 sit
860 378 1049 438 statuendum
1070 380 1189 438 veteres

113 482 255 552 oratores,
277 477 393 559 siquas
415 480 452 539 ed
475 481 636 541 editionem
658 475 867 558 perpolicbant
888 479 1047 553 orationes,
1070 480 1108 540 iis
1124 500 1189 540 eam

112 581 261 641 studuisse
290 582 413 642 induere
437 583 582 660 speciem,
612 582 699 662 quasi
721 601 754 643 re
775 603 847 645 vern
869 583 924 656 sic,
957 589 991 643 ut
1012 583 1189 658 legebantur

110 689 213 744 essent
233 684 362 759 habitae,
386 685 429 746 sic
451 685 553 745 Oicero
575 685 633 759 hic,
657 705 722 745 cum
746 705 778 744 re
793 705 866 746 vera
888 687 963 745 bene
987 685 1188 762 disposuisset,

111 786 241 863 speeiem
263 785 357 846 malae
374 788 636 848 contaminationis
659 789 731 847 dues
752 787 819 848 illas
841 793 942 865 partes
963 808 1035 865 prae
1057 808 1088 847 se
1110 790 1189 848 ferre

110 889 207 962 iussit,
230 908 296 948 cum
312 889 538 966 dispositionem
561 891 597 948 ad
620 908 656 948 ea
678 890 882 949 tantummodo
906 891 1011 970 capita,
1035 910 1110 971 quae
1125 891 1189 968 ipse

111 992 219 1051 Cacsar
239 991 388 1067 attigerat,
410 992 645 1052 accommodasse
667 1011 699 1052 se
721 992 881 1054 simularet

196 1094 263 1167 sed,
286 1100 320 1153 ut
342 1096 459 1153 tandem
482 1094 519 1154 ad
538 1101 668 1154 nostram
686 1114 802 1155 eausam
826 1100 1019 1167 revertamur,
1042 1095 1139 1168 etiam,
1162 1095 1188 1155 si

112 1197 207 1274 ipsius
235 1196 381 1256 orationis
410 1198 523 1256 formae
551 1196 662 1256 nullam
691 1197 749 1256 iam
777 1198 954 1257 haberemus
977 1197 1186 1273 cognitionem,

111 1305 210 1359 nmen
226 1297 475 1359 verisimillimum
497 1299 628 1358 iudicare
645 1301 802 1376 oportebat
816 1319 880 1359 cam
903 1301 940 1359 ab
963 1301 1029 1376 ipso
1045 1300 1187 1359 Cicerone

113 1401 223 1463 editam
237 1401 340 1461 fuisse.
384 1404 431 1460 An
448 1420 577 1480 quonam
600 1402 719 1462 tandem
743 1403 829 1461 modo
852 1403 962 1462 factum
985 1402 1098 1477 fingitis
1113 1422 1186 1476 esse,

111 1510 146 1564 ut
160 1504 320 1580 Ligariana
335 1511 366 1565 et
380 1504 573 1564 Deiotariana
588 1506 749 1565 ederentur
770 1539 812 1549 -
836 1525 905 1564 nem
927 1506 963 1564 de
985 1504 1038 1563 illa
1052 1505 1082 1564 id
1099 1524 1185 1564 nemo

110 1607 297 1682 infitiabitur,
320 1609 357 1667 de
372 1609 427 1668 hac
442 1608 587 1683 epistulae
603 1608 754 1668 cuiusdam
769 1608 971 1668 testimonium
986 1609 1130 1668 hebemus
1147 1643 1185 1654 -

111 1710 306 1770 Marcelliano
327 1710 444 1771 scriniis
466 1710 666 1771 retineretur?
711 1712 807 1770 Immo
828 1730 901 1771 vero
923 1717 957 1771 ut
978 1711 1080 1771 ederet
1100 1712 1187 1785 hanc,

110 1832 198 1893 quem
222 1814 347 1889 primam
369 1820 526 1893 postquem
550 1815 663 1873 tamdiu
693 1813 801 1886 tacuit,
831 1814 991 1887 habuerat,
1022 1815 1187 1891 permultae

110 1935 177 1974 eum
206 1935 312 1976 musac
341 1917 491 1976 debebant
518 1936 712 1977 commovere.
762 1914 940 1996 Quicunque
968 1918 1047 1976 enim
1077 1923 1188 1979 norunt

109 2038 207 2078 mores
231 2018 400 2091 Tullianos,
430 2019 461 2078 id
490 2024 570 2079 certe
599 2019 671 2078 mihi
701 2021 865 2080 concedent
892 2019 1088 2080 libentissime
1118 2042 1185 2081 eum

109 2123 294 2182 occasionem
319 2121 478 2198 arripuisse
508 2123 651 2195 ,diuturni
674 2121 786 2183 silentii
810 2123 900 2183 finem
922 2123 1076 2182 faciendi‘:
1106 2129 1186 2184 certe

110 2245 171 2285 non
194 2245 290 2305 aequo
313 2226 412 2284 animo
435 2224 558 2298 tulerat,
590 2226 669 2305 quod
692 2226 804 2284 tamdiu
827 2225 1015 2304 eloquentiae
1043 2223 1186 2301 principis

108 2348 184 2389 voce
207 2334 238 2388 et
257 2329 355 2387 forum
380 2333 411 2389 et
426 2328 512 2388 ouria
534 2346 633 2387 carere
651 2328 786 2388 debebat.
831 2329 894 2386 Iam
909 2328 966 2386 hoc
981 2346 1058 2386 veno
1074 2328 1185 2402 gloriae

109 2430 209 2490 studio
231 2436 395 2491 commotus
417 2430 581 2503 curaverit,
616 2430 771 2491 utstatim
794 2429 884 2490 etiam
907 2428 1098 2507 pervulgaret
1121 2450 1184 2490 ora-

112 2534 237 2594 tionem.
281 2534 406 2594 Accedit
437 2534 516 2613 quod
550 2533 722 2610 properavit
753 2532 856 2593 (licere
890 2532 1124 2592 consentientem
1154 2553 1185 2593 se

112 2655 179 2694 cum
208 2656 286 2697 novo
314 2655 412 2695 rerum
441 2640 520 2697 statu
550 2637 700 2713 profiteri:
731 2642 765 2696 ut
786 2636 851 2712 ipae
879 2636 910 2694 in
934 2636 987 2696 illa
1013 2637 1185 2714 saepissimo

113 2736 231 2799 laudate
252 2740 396 2816 epistula,
426 2741 495 2798 fam.
509 2739 564 2808 IV,
580 2743 642 2812 4,4
666 2739 740 2798 haec
763 2738 850 2798 dicit:
883 2738 991 2818 ,effugi
1009 2742 1070 2797 er'as
1093 2739 1184 2819 offan-

114 2841 236 2913 aiomr,
268 2844 321 2920 qui
337 2841 473 2921 fortasse
503 2840 701 2899 arbr'trnrctm·
730 2859 773 2898 mc
802 2840 876 2897 hauc
897 2839 1099 2918 rempublicam
1128 2862 1184 2900 non

108 2952 225 3021 putare,
250 2947 281 3003 ai
296 2954 437 3022 perpetm
461 2951 616 3002 tacercm‘:
641 2962 729 3024 quem
752 2963 837 3002 suum
858 2942 988 3002 animum
1005 2943 1078 3023 quin
1094 2963 1183 3023 quam

110 3047 239 3123 primum
269 3049 300 3107 in
324 3048 476 3124 publicum
498 3066 617 3127 quoquc
648 3046 768 3123 prodire
789 3045 934 3120 voluerit,
964 3046 1038 3106 mihi
1066 3048 1183 3127 quidem

109 3168 171 3210 non
194 3158 240 3212 est
261 3152 394 3212 dubium.

195 3253 253 3313 His
276 3255 413 3314 omuibus
436 3255 466 3314 id
490 3259 569 3315 certe
592 3258 743 3315 ameentos
765 3275 819 3315 nos
842 3259 996 3331 putamus,
1025 3260 1060 3313 ut
1081 3258 1182 3312 nostro

107 3355 174 3415 iure
195 3356 416 3417 Marcellianum
447 3376 566 3438 quoque
596 3357 628 3415 in
650 3358 706 3416 bac
736 3357 913 3417 mecmfione
941 3354 1088 3431 respicere
1115 3374 1183 3432 pos-

108 3457 211 3518 simus.

195 3561 285 3622 (luins
307 3563 449 3625 cretionis
470 3563 560 3641 plane
582 3568 628 3624 cst
648 3560 709 3621 alia
730 3560 863 3622 condicio
885 3579 921 3619 ee
939 3564 1103 3621 ceterarum
1119 3581 1183 3621 ora·

108 3664 225 3724 tionum
252 3666 502 3730 Caesarienarum.
547 3667 623 3726 Nam
653 3686 721 3726 cum
744 3665 933 3742 Ligarianam
963 3670 994 3725 et
1016 3664 1184 3727 Deiotaria-

108 3787 178 3827 nam
209 3768 293 3846 prius
325 3770 414 3831 etiem
447 3791 535 3850 quam
569 3770 664 3847 ipsam
697 3767 895 3829 elocutionem
928 3766 1183 3843 perlustraremus,

108 3876 232 3948 propter
253 3873 394 3953 quasdam
410 3893 514 3934 causas
529 3873 715 3934 extrinsecus
737 3871 841 3930 allatas
862 3870 1016 3946 probabile
1037 3870 1129 3930 luerit
1146 3871 1183 3929 ad

109 3973 239 4033 Atticam
262 3976 400 4035 accedere
423 3975 591 4048 dictionem,
614 3975 651 4034 de
668 3973 858 4032 Marcelliano
879 3972 979 4049 potius
1001 3973 1181 4032 contrarium

110 4076 248 4159 quiddam
271 4078 411 4173 contendi
433 4077 552 4159 poterit
597 4077 730 4137 Primum
746 4075 826 4135 euim
849 4075 913 4135 cius
935 4076 1047 4151 generi,
1070 4077 1181 4157 quippe
