2602 4560
556 217 769 284 -51-

126 371 260 432 nantium
284 391 397 432 morem
418 372 566 449 imitetur,
590 369 760 444 ἀεννὸέτως
782 374 946 435 orationem
968 377 1132 452 produoere
1154 397 1203 437 oo-

125 479 222 535 natnr.
265 474 324 534 Sed
352 495 391 535 ne
420 476 471 536 hio
498 477 619 556 quidem
650 497 772 553 prorsus
802 497 840 536 ex
862 497 1051 538 numerorum
1073 480 1223 541 vinoulis'

122 582 223 653 potest
250 597 282 636 se
305 577 441 638 liberere.
486 579 653 639 Ooourrunt
681 579 760 637 enim
791 585 852 639 tres
878 580 994 657 periodi
1024 575 1200 657 μονόκωλον,

122 698 248 759 quarum
271 680 385 757 respiae
406 682 593 741 formationis
615 682 842 762 aequalitatem:

186 783 258 862 „qui
280 782 316 841 ad
338 803 386 842 me
413 803 467 860 pro
497 784 725 857 necessitudine,
745 781 750 865 Ι
771 804 847 865 quae
876 786 950 844 mihi
978 790 1025 847 eat
1053 807 1119 847 oum
1147 789 1200 848 illo

188 885 320 959 „ordina
341 881 346 967 Ι
365 905 483 946 oausam
506 886 708 963 reipublicae
737 887 928 966 periculaque
954 907 1052 948 rarum
1081 909 1199 949 suarum

185 987 406 1061 „detulerunt.“
422 983 434 1071 ΙΙ

251 1089 298 1170 §5
316 1092 504 1170 „Bithyniae
523 1088 529 1173 Ι
549 1111 625 1172 quae
641 1111 720 1151 nuno
735 1098 835 1152 vestra
849 1094 1004 1170 provinoia
1019 1099 1073 1170 est,
1093 1091 1098 1178 Ι
1117 1095 1200 1157 vioos

185 1201 327 1269 ,‚exustos
349 1213 413 1255 esse
436 1196 617 1272 eomplures:
633 1191 645 1276 ΙΙ

249 1318 392 1374 „regnum
410 1299 627 1370 Ariobarranis,
641 1294 646 1381 Ι
659 1300 738 1378 quod
754 1299 915 1358 finitimum
931 1304 977 1359 est
987 1301 1095 1362 vestris
1106 1303 1199 1362 veeti-

183 1401 327 1477 „galibus
348 1403 353 1479 Ι
372 1406 468 1462 totum
491 1421 555 1461 esse
576 1402 608 1461 in
630 1403 761 1462 hostium
784 1406 966 1478 potestates
982 1398 994 1486 ΙΙ

120 1503 196 1562 Tum
220 1505 349 1584 denique
372 1523 426 1582 per
447 1505 566 1580 singulo
588 1506 720 1564 membru
743 1498 914 1574 ἀσυνδέτους
935 1508 1128 1582 progreditur
1150 1507 1195 1580 ,L.

118 1606 278 1666 Luoullum
301 1643 342 1652 -
365 1608 532 1668 diseedere:
560 1608 630 1668 huie
653 1608 703 1686 qui
728 1608 903 1668 suooesserit
925 1639 966 1650 -
989 1609 1197 1670 administran-

117 1712 203 1774 dum:
224 1731 317 1770 unum
339 1746 381 1756 -
404 1712 515 1788 expeti,
537 1713 664 1771 eundem
687 1747 728 1755 --
751 1712 921 1770 neminem‘

204 1815 243 1874 In
264 1815 320 1874 hae
341 1814 435 1890 igitur
450 1815 584 1875 oratione
607 1816 686 1873 haud
701 1815 759 1874 erit
777 1814 981 1888 dubitandum,
1005 1815 1077 1894 quin
1092 1814 1195 1874 Oioero

115 1919 207 1979 talem
229 1919 293 1977 fere
314 1918 537 1995 compositionis
558 1918 704 1979 rationem
728 1918 768 1978 sit
790 1923 917 1992 sooutus,
941 1919 1058 1998 qualem
1081 1920 1195 1977 Isoora·

116 2024 179 2094 tes,
212 2022 248 2080 de
271 2042 330 2101 quo
353 2021 523 2081 Demetrius
545 2022 582 2080 el.
601 2025 639 2080 12
672 2022 745 2081 haee
773 2021 861 2081 dioit:
891 2012 928 2078 ‘H
946 2015 1195 2097 κατεστραμμένη,

116 2116 183 2184 oiov
203 2114 226 2201 ιΙ
244 2115 321 2182 narei
343 2116 505 2201 περιόδους
526 2120 645 2200 ἔχοντα,
669 2114 709 2192 ὥς
724 2113 745 2199 ἡ
760 2123 820 2180 τῶν
833 2115 1037 2201 Ἰσοκρατείων
1056 2114 1194 2200 ρητόρων

117 2221 169 2285 sai
190 2223 319 2306 Γοργίου
347 2221 397 2284 nai
419 2217 658 2302 Ἀλκιδάμαντος.
703 2217 789 2282 ὅλαι
817 2217 873 2302 γαρ
903 2217 967 2282 deri
998 2217 1194 2301 περιόδων

118 2323 174 2388 eloi
194 2329 363 2405 συνεχῶν
392 2322 482 2387 οὐδέν
504 2350 533 2387 τι
560 2324 679 2406 ἔλαττον
705 2320 781 2404 ἥπερ
810 2317 985 2405 τΙὈμνΙρον
1007 2323 1128 2402 ποίησις
1150 2325 1167 2384 d
1175 2319 1194 2386 ι’

116 2425 428 2510 {gapenum}
473 2432 560 2495 Quod
596 2432 631 2489 de
661 2429 803 2490 Gioerone
835 2429 976 2488 iudicium
1010 2431 1075 2506 ipse
1106 2431 1193 2490 faoile

115 2534 313 2607 oonfirmabis,
336 2534 361 2594 si
383 2538 476 2594 totam
493 2534 659 2593 orationem
678 2532 869 2609 percurreris,
892 2551 952 2611 qua
965 2532 997 2591 in
1012 2551 1046 2593 ro
1061 2533 1193 2592 animad-

115 2641 215 2698 vertas
236 2655 346 2717 quaeso
369 2638 542 2714 complexus
563 2636 700 2713 inprimis
723 2635 922 2712 periodorum,
944 2635 1048 2715 quales
1071 2641 1192 2696 exstant

118 2734 155 2816 ΙΙ
172 2738 199 2798 7.
217 2743 264 2799 ιο.
282 2744 330 2799 ra.
350 2744 397 2797 14.
416 2743 465 2798 ee.
483 2744 532 2798 eo.
550 2745 598 2798 ao.

203 2841 313 2903 muna
331 2842 387 2903 tibi
409 2861 559 2919 propones
581 2841 672 2902 velim
695 2840 872 2915 Ligurienae
893 2839 1091 2916 prooemium:

242 2944 380 3018 „Novum
395 2944 516 3018 orimen,
540 2946 571 3004 G.
587 2945 702 3015 Caesar,
724 2977 767 2987 -
787 2948 824 3003 et
837 2946 910 3002 ante
930 2943 1012 3001 huno
1027 2942 1104 3001 diem
1127 2963 1188 3002 non

179 3047 331 3122 „auditum
353 3048 540 3128 propinquus
563 3068 646 3106 meus
668 3048 704 3106 ad
726 3052 757 3107 te
773 3046 809 3111 Q.
826 3045 944 3106 'l'nbero
960 3045 1067 3106 detulit
1087 3080 1130 3090 -—
1152 3046 1188 3111 Q.

71 3155 78 3164 “
177 3150 350 3227 „Ligarium
378 3151 410 3208 in
433 3151 534 3210 Afrioa
556 3150 648 3210 fuisse
670 3184 712 3193 —
734 3151 834 3220 idque
857 3151 887 3210 G.
904 3150 1003 3208 Pansa
1024 3151 1188 3226 praestanti

126 3309 128 3313 ,
174 3254 241 3327 „vir
269 3253 391 3330 ingenio
411 3250 417 3335 Ι
435 3253 529 3315 fretrus
557 3254 683 3314 fortasse
711 3252 914 3313 familiaritate
942 3269 991 3324 aa,
1011 3248 1015 3332 Ι
1034 3271 1111 3331 quae
1143 3259 1188 3312 est

175 3356 223 3431 „ei
244 3351 351 3430 teoum,
372 3353 377 3436 Ι
395 3374 485 3417 ausus
506 3360 552 3417 est
574 3357 741 3417 confiteri.“

110 3460 147 3518 In
181 3457 276 3519 nitere
303 3458 396 3519 totius
424 3459 571 3518 enuntiati
601 3465 686 3534 parte
715 3457 803 3533 plane
833 3456 888 3515 tibi
916 3455 969 3515 fiet
997 3457 1186 3518 manifestum

109 3563 241 3624 solutum
264 3581 329 3622 esee
351 3581 533 3636 sermonem,
556 3561 586 3619 id
609 3563 688 3640 quod
710 3581 765 3637 per
785 3559 926 3619 lineolam
948 3558 1017 3638 (-)
1037 3559 1121 3622 volui
1141 3561 1186 3618 in·

109 3664 238 3742 signiter
258 3664 293 3722 in
314 3664 408 3725 altera
430 3670 515 3741 parte
538 3664 666 3740 vestigia
688 3663 807 3743 quidem
831 3662 981 3722 cniusdam
1004 3663 1119 3739 periodi
1135 3681 1186 3720 ex·

109 3771 200 3828 etant.
243 3766 350 3828 Statim
381 3767 530 3844 singulare
560 3766 697 3846 sequitur
726 3767 890 3826 membrum
918 3799 968 3839 ,-—
990 3765 1098 3844 Itaque
1127 3785 1186 3843 quo

109 3889 158 3929 me
178 3875 302 3944 ramum,
325 3869 444 3930 neseio‘
466 3903 510 3912 -
531 3868 681 3946 Deinoeps
703 3869 792 3946 plane
815 3867 927 3928 solute:

180 4090 239 4161 136)
256 4091 403 4141 Bernhardt.
422 4106 446 4153 p.
461 4092 494 4137 ³0
511 4091 567 4138 eoll.
587 4104 611 4151 p.
627 4091 658 4138 12
678 4093 739 4136 extr.

934 4174 981 4232 ⁶,ss
