2602 4560
535 177 750 243 ..12-

107 334 239 394 tionibus
270 354 418 415 nusquam
448 338 547 395 exstat
575 353 631 393 neo
660 335 780 392 aliunde
810 332 889 391 ullus
911 333 993 392 loeus
1015 352 1033 390 a
1054 332 1190 393 Foroell.

106 438 231 496 affertur
253 437 310 497 nisi
334 439 370 496 ad
393 441 455 497 Att.
478 442 502 510 l,
523 443 560 496 18
584 441 615 497 et
634 437 762 496 Euoher.
781 437 918 496 instruct.
937 442 965 508 2,
982 441 1011 493 5.

192 539 263 597 ibid.
289 538 362 616 §61
389 539 740 613 concelebrare³⁸).

192 643 249 717 leg.
266 662 327 716 agr.
344 644 368 715 I,
389 647 425 700 10
449 641 750 718 pergrandis39).

192 746 307 803 Addam
330 744 407 803 Phil.
426 745 467 816 lI,
485 751 523 802 28
548 744 779 818 consimilis,
811 746 848 802 de
877 764 936 823 quo
967 745 1074 803 adieot.
1100 746 1193 804 Hell-

108 849 240 907 muthius
261 867 289 922 p.
308 853 347 904 26
372 847 524 921 disseruit,
556 867 734 927 quamquam
758 848 854 907 omitti
878 867 939 906 non
961 847 1032 906 lieet
1053 849 1112 908 hoo
1135 838 1212 907 ad?

106 951 248 1010 ieotivum
271 949 388 1025 saepius
411 951 489 1025 apud
512 949 665 1009 Gaesarem
688 950 827 1022 inveniri,
851 951 1111 1025 utb.g.11,11:
1135 951 1193 1028 fe-

41 1041 44 1044 *
108 1063 210 1111 cerunt
232 1061 264 1109 ut
284 1053 499 1110 consimilis
512 1051 639 1131 fugae
658 1052 802 1130 profectio
825 1054 981 1111 videretur.
1007 1054 1042 1126 V,
1061 1058 1099 1112 12
1124 1074 1193 1111 cre-

109 1157 287 1232 berrimoque
317 1154 452 1230 aedificia
484 1156 653 1214 Gallicis
681 1157 916 1215 verisimilia.
951 1158 1002 1230 VI,
1020 1158 1058 1215 27
1083 1156 1193 1216 darum

109 1268 153 1316 es!
173 1257 388 1316 consimilis
410 1261 510 1334 capris
522 1258 639 1335 figura.

73 1348 75 1354 Α
196 1360 244 1418 sto
267 1381 331 1419 oum
355 1362 447 1420 semel
469 1362 506 1420 ad
530 1362 729 1422 derivationes
751 1362 958 1438 pervenimus,
981 1364 1060 1421 heud
1082 1363 1194 1440 inepte

110 1465 161 1524 hio
185 1466 404 1544 subsequentur

230 1651 278 1700 111.
315 1651 486 1701 Substantiva
503 1651 623 1701 verbalia
640 1652 669 1700 in
688 1652 726 1701 -io
743 1653 770 1701 et
787 1652 817 1700 in
834 1664 876 1700 -or
893 1652 1072 1701 terminantis.

197 1775 255 1832 Fas
287 1774 373 1833 nobis
403 1773 443 1833 sit
470 1775 503 1832 in
524 1774 598 1834 haec
619 1773 772 1854 inquirere
795 1775 868 1832 duee
892 1773 1078 1836 Quintiliano
1103 1775 1194 1851 VIII,

114 1885 145 1950 3,
170 1883 208 1934 30
228 1897 290 1955 sq.:
324 1879 504 1953 „Fingere
611 1879 731 1934 Graecis
753 1879 844 1952 magis
867 1895 1029 1934 concessum
1053 1887 1112 1948 est,
1140 1884 1197 1956 qui

115 2022 171 2036 ...
190 1981 296 2037 Nostri
316 1989 409 2036 orclem
427 1982 455 2037 in
473 1980 616 2056 iungendo
635 1989 686 2038 eat
708 1982 740 2037 in
760 1980 965 2037 derivando
984 1981 1103 2057 poclum
1121 1983 1198 2058 qaid

113 2085 181 2140 onst
202 2083 251 2139 oin
274 2085 302 2140 in
326 2083 378 2139 doc
400 2084 473 2140 sctis
495 2085 706 2159 reerpc'untnr.“
752 2083 872 2142 Etcum
888 2082 961 2140 mihi
977 2084 1195 2159 persuasissem

113 2186 282 2256 Gaesarem,
313 2205 492 2264 quemquam
523 2187 601 2262 apud
631 2205 697 2244 eum
728 2185 761 2243 in
784 2205 964 2265 unaqueque
986 2187 1049 2244 fero
1072 2187 1195 2261 pagella

113 2289 185 2348 talia
207 2289 343 2349 invenies
365 2289 568 2363 substantiva,
591 2293 692 2349 temen
714 2289 796 2348 nulla
818 2291 952 2366 proferre
975 2289 1032 2348 nisi
1055 2288 1191 2350 usitatis·

114 2392 203 2464 sima,
235 2398 269 2450 ut
290 2391 381 2463 ratio,
414 2393 576 2467 profectio,
600 2394 744 2464 defeotio,
768 2392 975 2465 commutatio,
998 2392 1194 2465 existimatio,

115 2494 308 2570 oppugnatio,
332 2493 506 2566 coniuratio,
532 2495 675 2568 defensio,
699 2495 839 2554 defensor
861 2493 970 2553 similia
992 2514 1047 2554 neo
1062 2514 1123 2552 non
1147 2495 1196 2552 ni-

113 2597 221 2656 mirum
245 2616 294 2671 ea,
309 2656 311 2660 ,
325 2597 434 2677 quibus
456 2597 510 2657 vix
532 2597 627 2672 possit
654 2616 754 2657 carere
784 2616 899 2675 quaeve
922 2602 944 2656 t.
969 2602 991 2657 t.
1015 2597 1110 2657 instar
1132 2596 1196 2657 sint

114 2700 261 2774 habenda,
284 2707 319 2759 ut
340 2700 504 2777 populatio,
527 2701 619 2760 sectio
643 2700 767 2779 (urbis),
791 2700 959 2776 pabulatio,
982 2699 1118 2780 aquatio,
1142 2719 1197 2775 pa·

115 2804 250 2877 bulator,
275 2803 484 2882 lignator40),
506 2804 586 2863 haud
609 2804 694 2881 parri
717 2803 822 2880 putavi
845 2823 909 2863 esse
932 2802 1089 2874 momenti,
1114 2803 1195 2880 quod

116 2908 218 2966 Cicero
241 2926 361 2986 quoque
384 2907 416 2965 in
439 2912 526 2967 oratt.
551 2928 580 2984 p.
599 2908 664 2983 Lig.
690 2912 720 2967 et
742 2906 808 2966 Dei.
832 2906 922 2966 habb.
948 2904 1104 2964 usitatiora
1127 2910 1195 2963 tan-

116 3015 179 3069 tum
202 3009 346 3069 eiusmodi
371 3010 558 3071 substantiva
581 3011 712 3084 adhibet,
735 3017 769 3070 ut
792 3008 950 3085 ignoratio,
975 3006 1068 3066 oratio
1092 3005 1141 3082 (L.
1164 3011 1195 3077 l;

120 3119 173 3185 103
191 3119 240 3172 38.
264 3114 299 3173 Ι).
321 3118 337 3173 5
347 3137 356 3188 ς
374 3120 409 3187 6;
427 3112 480 3189 34)
495 3113 642 3186 liberatio,
664 3112 783 3188 legatio,
801 3110 956 3188 profectio,
973 3109 1195 3189 remansioss),

186 3371 228 3438 38)
246 3374 278 3420 Η.
296 3388 320 3433 p.
335 3375 374 3422 27.
410 3371 527 3418 Fortasse
544 3367 618 3415 etiam
636 3366 796 3425 ,οοποενιαιηὶ6
814 3366 830 3426 ξ
849 3367 882 3414 28
900 3367 1018 3415 adnotatu
1029 3366 1131 3426 dignum
1145 3372 1193 3429 est,

118 3461 183 3521 qnod
202 3460 228 3506 in
247 3458 399 3507 orationibus
416 3469 537 3515 nusquam
555 3453 665 3503 recurrit.

188 3544 232 3609 39)
250 3549 349 3605 praeter
366 3545 431 3590 huno
448 3543 529 3589 locum
554 3553 675 3598 nusquam
693 3539 719 3586 in
738 3542 810 3585 oratt.
829 3542 911 3585 exstat
928 3538 976 3584 ndsi
993 3539 1019 3584 in
1036 3537 1149 3584 Verrinis
1167 3543 1194 3584 et

117 3631 346 3692 Qmmm

186 3715 231 3780 40)
248 3715 305 3764 Meo
324 3716 377 3763 iure
395 3714 435 3760 hie
452 3711 564 3772 inprimis
582 3710 772 3758 commentarios
791 3711 813 3757 d.
833 3709 856 3757 b.
871 3709 968 3756 Gallico
986 3709 1138 3769 conscriptos
1157 3723 1196 3755 re-

120 3805 212 3866 spicio:
230 3803 296 3864 quod
313 3802 339 3850 in
356 3800 395 3847 his
413 3800 433 3857 1,
453 3801 484 3856 ὗ,
504 3800 520 3845 3
538 3795 658 3860 (domum)
676 3796 808 3845 reditio
826 3797 960 3855 iuvenitur,
979 3795 1004 3841 in
1023 3799 1107 3842 nostra
1125 3808 1199 3852 quae-

120 3892 199 3938 stione
217 3889 308 3937 nullius
326 3893 364 3936 est
382 3885 507 3933 momenti.

188 3976 234 4040 41)
252 3978 299 4025 hoe
317 3988 393 4022 unum
412 3970 593 4020 substantivum
618 3969 698 4017 rarius
715 3969 825 4017 inveniri
843 3969 943 4017 videtur
967 3965 1007 4031 (of.
1027 3967 1100 4015 etiam
1118 3965 1200 4012 Krau-

121 4063 184 4111 siam
202 4063 217 4109 l.
230 4063 247 4109 1.
266 4076 291 4122 p.
306 4061 348 4126 7),
376 4060 419 4108 sed
446 4063 576 4107 excusetur
594 4062 654 4118 puto
673 4055 726 4104 eius
751 4054 879 4116 usurpatio
897 4054 945 4101 hoo
961 4053 1030 4102 loeo:
1056 4052 1116 4113 quid
1132 4050 1199 4100 enim
