2602 4560
544 184 760 249 -43-

113 340 229 416 amplos
255 357 302 396 me
322 341 439 399 fructus
467 342 505 398 sd
527 341 762 415 cognoscendam
791 350 823 399 et
844 340 1078 416 dignoscendam
1103 341 1195 400 Grae·

114 462 215 501 corum
238 452 387 500 oratorum
410 450 504 501 artem
526 443 697 518 percepisse
719 443 792 500 mihi
814 445 911 502 habeo
931 463 1129 520 persuasum,
1153 453 1198 505 ta·

111 563 181 602 men
203 546 239 602 ud
262 546 339 602 hanc
357 545 562 623 quaestionem
585 554 717 603 nostram
739 546 816 604 nihil
832 547 895 604 lere
910 547 1094 607 redundabit
1111 549 1197 608 lucri,

111 650 188 707 Num
215 650 343 725 primum
369 648 479 707 licetne
506 649 623 706 easdem
652 647 771 722 regulus
801 650 990 724 periodorum
1013 656 1195 725 structurae,

112 771 186 831 quas
207 752 284 827 apud
308 750 436 809 Graecos
457 757 589 809 oratores
611 750 740 808 valuisse
763 751 925 809 verisimile
946 759 1001 825 est,
1024 753 1133 831 utique
1159 756 1195 814 ad

112 854 235 914 Latinos
257 851 437 912 transferre?
480 853 597 911 Deinde
619 853 709 911 etium
734 854 759 910 si
781 853 855 912 illud
879 855 1068 928 concedetur,
1091 862 1195 916 tamen

112 977 234 1034 prorsus
263 974 395 1015 curemus
423 954 534 1014 telibm
562 956 599 1013 de
621 960 686 1014 totu
707 956 858 1014 Ciceronis
888 957 1108 1032 compositione
1135 960 1195 1019 dis·

113 1060 337 1132 certationibus,
372 1059 475 1138 quales
505 1059 541 1116 ad
572 1066 740 1118 nostrerum
769 1059 936 1118 orationum
966 1062 1196 1138 compositionis

113 1184 208 1240 genus
236 1163 325 1239 plene
355 1163 587 1236 dignoscendum
615 1162 701 1241 qnasi
727 1162 807 1222 viam
837 1164 1062 1239 praemuniant:
1096 1185 1195 1226 neca

112 1288 160 1327 me
181 1269 247 1343 ipse
268 1267 353 1342 potui
375 1267 545 1342 impetrare,
568 1272 603 1325 ut
624 1267 825 1326 membrorum
840 1287 961 1346 quoque
984 1287 1126 1327 numeros
1149 1270 1193 1328 di·

110 1371 239 1446 ligenter
269 1375 442 1444 persecutus
472 1387 574 1427 omnes
604 1369 654 1428 vel
683 1369 827 1445 plurimus
856 1370 1008 1430 Ciceronis
1039 1373 1193 1431 orationes

111 1474 330 1551 perlustrarem,
353 1491 412 1550 qno
434 1471 552 1530 facilius
570 1491 698 1551 quonam
721 1472 799 1531 forte
818 1474 906 1532 modo
924 1481 1093 1532 nostrarum
1111 1495 1193 1533 com·

111 1577 221 1654 positio
244 1576 378 1634 differret
398 1577 436 1632 ab
458 1574 581 1642 ceteris,
613 1575 836 1650 intellegerem:
867 1579 947 1656 qnod
970 1577 1091 1656 quidem
1116 1597 1192 1654 opus

112 1682 205 1740 multo
234 1681 274 1739 sit
300 1679 428 1756 amplius
458 1698 545 1758 quam
569 1681 649 1758 quod
677 1680 735 1739 tiro
764 1679 892 1755 primum
914 1680 1028 1755 ingenii
1052 1680 1114 1740 vim
1140 1699 1191 1738 ex-

110 1784 230 1860 periens
250 1783 367 1858 ingredi
390 1784 506 1842 audeat.
551 1782 637 1845 Quod
661 1801 695 1840 eo
718 1783 813 1858 magis
835 1782 936 1855 dolui,
968 1783 1048 1862 quod
1070 1803 1119 1842 me
1142 1784 1192 1843 vel

111 1889 208 1947 obiter
229 1892 345 1946 tantm
367 1886 444 1944 hanc
466 1905 529 1944 rem
552 1892 782 1964 persequentem
801 1906 860 1944 uon
876 1887 956 1961 fugit
972 1905 1005 1944 re
1020 1905 1093 1946 vera
1109 1887 1192 1946 iuter

111 1990 251 2069 quasdam
265 1988 414 2047 orationes
424 1989 608 2047 intercedere
622 1988 846 2064 compositionis
860 1990 1051 2048 differentias.
1097 1990 1191 2049 Cuius

109 2094 152 2152 rei
176 2113 266 2151 unum
290 2093 438 2168 proferam
462 2092 630 2168 exemplum
650 2095 680 2150 et
697 2092 841 2151 orationis
863 2094 900 2151 de
922 2093 994 2168 imp.
1010 2093 1063 2150 On.
1081 2093 1189 2168 Pomp.

110 2197 230 2255 habitae
252 2200 282 2255 et
297 2196 474 2270 Ligarianue
496 2195 649 2273 prooemia
671 2200 701 2255 et
718 2197 903 2255 narrationes
919 2194 1189 2272 comperans132).

237 2320 282 2358 or.
307 2302 334 2358 d.
358 2300 430 2377 imp.
452 2302 556 2377 Pomp.
579 2304 595 2376 ς
619 2305 642 2359 l.
693 2305 928 2373 „Quamquam
961 2300 1035 2358 mihi
1068 2318 1189 2376 semper

172 2405 331 2481 „frequens
367 2408 543 2479 conspectus
576 2409 675 2464 vester
708 2402 801 2463 multo
834 2403 1074 2476 iucundissimus,
1102 2397 1108 2482 Ι
1137 2403 1187 2462 hic

173 2511 291 2579 „autem
312 2504 394 2564 locus
417 2506 453 2562 nd
476 2506 622 2580 agendum
654 2505 854 2582 amplissimus
874 2503 879 2587 Ι
898 2508 936 2565 ad
958 2506 1114 2565 dicendum
1140 2527 1187 2565 or·

173 2607 363 2682 „notissimus
386 2614 431 2667 est
449 2607 538 2681 meus,
562 2605 695 2670 Quirites
710 2603 722 2690 ΙΙ
738 2615 853 2667 tamen
874 2610 931 2667 hoc
953 2609 1035 2668 aditu
1058 2607 1157 2670 laudis
1181 2606 1184 2687 Ι

173 2713 244 2791 „qui
268 2730 384 2788 semper
407 2711 519 2787 optimo
538 2711 646 2791 cuique
668 2713 796 2771 maxime
818 2711 923 2787 patuit,
943 2709 949 2792 Ι
969 2731 1027 2770 non
1050 2731 1117 2770 mee
1139 2732 1186 2770 me

173 2817 330 2894 „voluntas
345 2817 442 2874 adhuc
461 2810 465 2896 Ι
485 2815 536 2874 sed
552 2815 632 2874 vitae
648 2834 730 2873 meae
745 2815 875 2875 rationes
892 2817 929 2872 ab
946 2815 1070 2874 ineunte
1087 2822 1186 2876 aetate

173 2929 346 2994 „susceptae
368 2913 624 3000 prohibuerunt„

110 3025 155 3081 En
180 3024 302 3080 duarum
325 3021 513 3096 periodorum
543 3030 608 3081 urta
637 3023 807 3082 coniunctio
831 3021 1026 3081 correlatione
1054 3023 1185 3098 particu-

108 3125 202 3184 larum
223 3143 456 3208 ‘quamquem
480 3119 617 3183 tumen’
641 3127 832 3184 conformata.
879 3124 964 3184 Alter
981 3125 1110 3184 ambitus
1127 3126 1186 3185 tria

109 3229 243 3287 continet
273 3228 420 3299 membra,
452 3226 528 3286 alter
557 3233 603 3286 est
636 3225 844 3304 dinml09133)
876 3229 1023 3288 divisione
1055 3230 1184 3288 extremi

108 3331 232 3389 membri
255 3330 482 3406 amplificatum,
512 3334 546 3388 ut
568 3331 689 3390 omnino
712 3337 853 3410 quattuor
875 3333 1022 3392 exsistunt
1043 3335 1185 3392 membra.

109 3433 175 3498 Qua
196 3434 228 3491 in
251 3452 284 3490 re
306 3433 497 3493 artificiosum
526 3433 744 3495 animadvertas
772 3453 881 3512 quaeso
910 3454 1082 3494 numerum:
1114 3455 1184 3494 nam

108 3543 142 3594 ut
163 3536 245 3610 prior
266 3535 394 3594 ambitus
417 3555 434 3593 a
455 3536 612 3611 posteriori
636 3556 759 3595 numero
783 3538 999 3609 membrorum,
1019 3538 1062 3596 sic
1085 3544 1184 3613 poste-

106 3639 195 3698 riorie
223 3637 351 3696 ambitus
380 3637 480 3713 priora
511 3639 643 3697 membra
672 3641 708 3696 ab
739 3644 874 3699 extremo
907 3640 1102 3717 amplitudine
1134 3663 1184 3701 su-

107 3752 258 3816 petantur.

177 3893 238 3961 132)
256 3895 311 3954 Qus
323 3894 348 3940 iu
361 3907 388 3940 re
400 3892 435 3940 uti
447 3907 493 3953 pur
505 3899 550 3951 est,
568 3907 622 3941 eum
640 3892 758 3941 adhibere
770 3901 872 3944 conatus
890 3910 945 3943 eum
962 3896 1090 3953 rationem,
1109 3911 1184 3954 quum

106 3983 211 4030 instituit
228 3980 408 4028 Bernhardtius
426 3981 442 4026 1.
454 3981 472 4026 1.

177 4065 239 4132 lea)
256 4068 287 4115 de
305 4067 332 4114 vi
350 4066 423 4114 huius
441 4066 539 4114 termini
557 4066 615 4114 ride
634 4065 825 4114 Bernhardtium
842 4068 860 4115 l.
872 4069 889 4114 1.
907 4081 931 4127 p.
947 4069 985 4115 17.
