2602 4560
539 150 751 216 -28-

109 311 160 369 ubi
185 310 359 386 sapientiam
383 311 482 368 orator
510 308 557 367 his
585 308 658 370 facit
678 311 866 390 loquentem:
898 312 963 380 ,Sr'u
992 309 1200 385 responderit,

106 405 146 470 ‘tu
170 432 236 470 uere
259 415 301 470 itu
324 414 410 470 vitum
432 431 589 488 corpusque
609 423 734 493 servule,
762 416 803 471 itu
815 413 969 492 fortunas,
994 414 1035 469 itu
1058 430 1124 468 rem
1139 411 1198 490 su-

108 516 268 586 miliarum,
306 525 337 573 ut
367 516 436 573 duee
463 513 599 573 libertate
626 519 792 592 posteriora
821 517 911 573 durus
942 518 1040 592 itaque
1069 514 1120 571 his
1154 518 1205 573 uli

108 617 195 688 uelis,
220 620 249 676 si
269 616 360 676 libere
383 615 552 693 republica
572 620 683 694 possis,
709 638 761 676 uec
780 638 835 695 pre
858 618 903 675 lu's
926 616 1115 688 libertatem,
1144 619 1203 675 sed

102 739 160 795 pro
183 720 317 778 libertate
339 720 409 777 duee
428 721 560 796 proicias
584 729 721 797 turupuum
741 722 868 797 pignera
891 711 1022 777 iuiurcite’
1054 730 1115 776 tum
1147 740 1199 778 su-

104 824 232 899 pientiae
254 842 347 880 uocem
369 822 473 880 audire
494 824 594 881 uidear
615 825 695 900 eique
718 826 764 882 uti
784 823 834 879 dee
852 828 1000 900 pureum.‘

194 932 222 986 9.
253 930 301 986 De
316 929 579 998 repetitionibus
590 926 602 964 ⁹
612 925 651 1004 ⁵),
665 929 1022 998 conduplicetionibus
1031 924 1045 962 ⁹
1054 926 1095 1000 6),
1112 944 1197 987 eon·

106 1029 401 1106 versionibus⁹⁷)‚
437 1027 805 1105 complexionibus98).
855 1019 1132 1105 Ἐπαναφορᾶς
1172 1051 1195 1089 s.

107 1131 366 1207 repetitionis
389 1151 473 1191 usum
490 1131 662 1192 Ciceronem
686 1128 946 1212 quadam'quidem
962 1149 1001 1188 ex
1021 1135 1108 1207 perte
1126 1153 1195 1192 ora-

106 1234 163 1293 tori
186 1234 269 1295 tenui
292 1235 462 1294 abiudicare
476 1235 633 1309 Berbigius
654 1235 674 1293 l.
691 1256 713 1295 s.
730 1235 750 1293 l.
762 1233 813 1312 99)
835 1239 921 1311 putat
934 1236 1008 1293 haec
1022 1234 1196 1310 respiciens

107 1337 199 1395 verba
229 1339 363 1415 ‚itemque
383 1341 412 1396 si
432 1357 504 1416 quae
526 1338 674 1396 vetorum
705 1340 869 1396 iterutr'oues
896 1339 1101 1395 corruptionem
1135 1341 1196 1398 uli·

108 1457 191 1516 quum
214 1449 243 1496 ct
265 1433 416 1500 clamorem
438 1442 596 1518 requirent,
622 1450 709 1498 eruut
730 1440 765 1498 ub
789 1441 842 1498 leue
864 1442 1044 1499 summissiora
1060 1445 1197 1500 coratio-

107 1544 151 1599 m's
174 1543 309 1601 uliuuue‘.
357 1544 411 1602 cui
433 1543 674 1620 interpretationi
696 1564 757 1603 non
780 1544 936 1603 assentior.
984 1545 1028 1602 Ac
1055 1543 1195 1619 primum

109 1645 228 1724 quidem
246 1647 416 1706 offendebat
431 1666 478 1705 me
492 1666 554 1707 vox
576 1647 851 1721 ‚iterationes‘z
874 1647 1082 1723 epanaphorae
1107 1648 1194 1706 enim

109 1748 132 1808 si
157 1749 237 1828 quod
260 1751 398 1809 exstabat
419 1751 497 1827 apud
522 1750 647 1810 Latinos
670 1755 782 1810 certum
805 1769 928 1823 nomen,
959 1769 1019 1808 non
1042 1754 1109 1809 erat
1131 1751 1194 1810 ite·

107 1854 199 1930 ratio,
228 1853 278 1913 sed
307 1854 463 1929 repetitio,
494 1874 553 1932 quo
574 1853 695 1912 nomine
718 1873 783 1912 cum
806 1852 982 1912 Cornificius
1004 1852 1059 1924 IV,
1078 1856 1128 1924 13,
1150 1858 1191 1912 19

106 1950 215 2028 utitur,
250 1961 314 2016 tum
344 1956 409 2031 ipse
440 1955 542 2016 Cicero
573 1959 610 2015 de
641 1959 714 2015 orat.
738 1957 804 2030 111,
828 1961 905 2015 206:
939 1954 1074 2026 ,eiusdem
1106 1955 1197 2014 uerbi

107 2056 210 2115 erebra
242 2068 298 2115 tum
328 2077 345 2114 u
371 2061 466 2135 primo
497 2062 647 2138 repetitio,
683 2067 739 2115 tum
769 2061 798 2116 iu
821 2066 978 2116 extremum
1008 2060 1193 2116 couverszu.‘

107 2161 218 2220 Contra
248 2162 502 2235 ,iterationis‘
531 2163 676 2222 vocabulo
699 2161 876 2222 Cornificius
906 2161 1001 2221 utitur
1022 2161 1056 2218 in
1078 2161 1192 2219 defini-

107 2263 190 2323 tione
223 2267 491 2342 oonduplicetionis
523 2267 584 2339 IV,
608 2273 663 2342 28,
688 2273 744 2326 38:
775 2265 1011 2341 ,Gonduplieutio
1041 2267 1087 2324 est
1119 2286 1190 2325 cum

106 2368 222 2427 ratione
245 2368 485 2444 amplificationis
507 2377 560 2430 aut
582 2370 782 2430 miserationis
798 2369 930 2427 eiusdem
946 2368 1036 2426 unius
1050 2372 1104 2426 aut
1119 2369 1191 2444 plu-

109 2470 186 2528 rium
209 2473 369 2530 verborum
392 2471 583 2544 ,iteratio‘.
628 2473 686 2530 Sed
709 2491 747 2530 ne
769 2471 871 2544 multa,
893 2472 925 2528 in
948 2472 1014 2546 ipso
1033 2471 1190 2532 Ciceronis

109 2579 225 2633 oratore
247 2579 347 2634 exstet
368 2575 459 2647 locus,
483 2575 535 2654 qui
556 2578 648 2634 totam
664 2575 741 2632 hanc
757 2576 962 2651 quaestionem
978 2573 1020 2632 sic
1036 2574 1189 2649 decernat,

107 2683 142 2736 ut
163 2695 201 2734 ne
223 2678 371 2737 tantulum
394 2678 514 2757 quidem
543 2679 575 2737 in
598 2678 705 2736 animis
727 2677 838 2736 nostris
860 2677 1046 2757 relinquatur
1067 2677 1187 2738 dubita·

107 2781 215 2840 tionis:
237 2801 306 2839 nam
328 2780 421 2859 §135
445 2783 517 2841 haec
540 2781 681 2857 leguntur
701 2782 807 2840 verba:
831 2801 906 2853 ,cum
924 2786 976 2839 aut
994 2779 1187 2856 duplicantur

107 2884 315 2963 iteranturque
337 2887 429 2945 verba
458 2890 511 2946 aut
533 2887 569 2944 ab
593 2885 695 2942 eodem
718 2886 810 2944 verbo
834 2884 952 2943 ducitur
979 2883 1096 2960 saepius
1119 2903 1186 2942 ora-

107 2985 176 3045 tio‘:
207 2987 259 3065 qui
281 2987 364 3046 locus
386 3008 446 3047 non
471 2989 580 3062 solum,
612 3008 670 3067 quo
693 2989 780 3047 modo
803 2987 904 3046 Cicero
934 2991 1035 3046 nostro
1064 3005 1187 3064 quoque

106 3087 172 3146 loco
195 3089 414 3165 significaturus
435 3091 541 3150 fuisset
563 3084 770 3169 ἒπαναφοράν,
793 3089 844 3148 sed
867 3088 955 3146 etiam
978 3090 1050 3167 quid
1071 3089 1114 3147 ibi
1130 3109 1186 3148 ve-

106 3193 197 3254 luerit
220 3195 381 3268 subaudiri,
405 3194 694 3270 conduplicetionem
707 3192 779 3268 100)
802 3191 930 3265 scilicet,
959 3192 1032 3252 satis
1054 3191 1185 3251 dilucide

108 3297 195 3356 nobis
218 3299 409 3359 demonstrat.

175 3432 219 3497 95)
236 3435 289 3482 sive
307 3431 470 3499 ἐπαναφοραί.

176 3517 221 3582 96)
237 3521 291 3568 sive
308 3514 494 3579 ἅναδιπλόσεις
512 3536 531 3568 s.
550 3512 724 3581 ἐπαναλήψεις
742 3519 796 3566 sive
813 3515 977 3582 παλλιλογίαι.

176 3605 219 3669 st)
237 3607 290 3654 sive
308 3600 480 3671 ἀντιστροφαί.

177 3691 221 3756 98)
237 3692 292 3739 sive
310 3689 461 3756 esuriendi·

177 3778 222 3843 99)
239 3779 296 3826 vide
315 3778 389 3827 etiem
406 3779 558 3826 Volkmanni
576 3776 665 3823 librum
683 3789 702 3823 s.
722 3776 739 3821 l.
757 3790 783 3835 p.
796 3778 856 3826 457.

179 3865 238 3929 100)
256 3867 304 3913 nisi
327 3866 391 3912 forte
415 3864 575 3912 verisimilius
601 3867 638 3910 est
662 3861 808 3910 Ciceronem
835 3867 921 3910 nostre
946 3863 1001 3907 loco
1028 3874 1114 3909 ornnes
1137 3865 1183 3913 hus

108 3951 208 4010 figuras,
227 3956 251 3998 et
262 3953 422 4012 repetitiones
439 3956 465 3998 et
475 3949 702 4011 conduplicstiones
720 3951 745 3993 et
759 3948 936 3995 conversiones
950 3946 1182 4006 complexionesque

108 4037 219 4085 voluisse
236 4051 286 4084 unu
303 4038 426 4086 locutione
444 4036 582 4097 complecti.
