2602 4560
536 252 749 316 ..74-

106 407 157 467 bis
180 407 365 468 orationibus
392 409 643 489 persequebatur,
676 409 801 469 oonsilio
822 409 872 470 vel
894 406 1008 486 optime
1029 409 1189 470 convenit:

107 531 141 571 ac
163 512 206 570 sio
228 510 346 590 quidem
370 512 497 592 quadam
520 516 665 587 exparte
688 529 755 570 oum
776 511 965 571 Hellmuthio
988 511 1156 572 consentio.

195 613 286 672 Hunc
313 614 407 689 igitur
435 614 498 674 fere
522 633 639 674 cursum
662 613 827 673 Tullianam
851 613 1055 693 eloquentiam
1083 633 1189 674 censeo

108 716 256 777 tenuisse:
287 717 375 776 initio
404 717 525 798 quidem
555 722 658 777 noster
685 715 774 793 plane
801 717 962 777 obstrictus
991 720 1058 776 erat
1080 735 1190 794 genere

108 818 256 891 Asiatioo;
287 820 371 881 euius
398 820 430 879 in
451 820 596 892 vinculis,
627 838 807 900 quamquam
835 819 893 879 iam
923 822 1044 879 auctore
1069 819 1190 879 Molone

109 924 267 982 mutandae
289 923 429 984 dictionis
452 923 532 1000 oepit
555 921 728 995 consilium,
751 921 841 982 etiam
864 939 1002 982 reversus
1024 940 1042 979 e
1066 921 1191 981 Graecia

110 1025 268 1086 remansit:
302 1027 372 1085 inde
403 1031 501 1086 autem
535 1027 572 1084 ab
605 1024 740 1086 oratioue
771 1026 799 1085 d.
821 1025 893 1101 imp.
915 1025 968 1085 Gn.
991 1025 1099 1101 Pomp.
1122 1026 1189 1084 hab.

110 1127 204 1203 magis
225 1129 380 1210 magisque
403 1129 557 1206 proprium
580 1128 665 1207 qnasi
688 1128 817 1187 medium
840 1148 933 1204 genus
948 1127 1006 1188 sibi
1022 1130 1190 1189 conforma-

111 1230 172 1304 vit,
195 1231 224 1289 id
249 1232 382 1311 quidem,
407 1251 466 1312 quo
489 1232 583 1292 multo
605 1230 700 1307 magis
722 1250 811 1311 quam
833 1230 1002 1291 inventioni
1025 1231 1190 1292 elocutioni

110 1334 309 1414 inprimisque
324 1334 517 1394 concinnitati
541 1340 571 1395 et
586 1333 792 1393 numerositati
815 1333 958 1394 serviret:
981 1333 1100 1408 deinde,
1125 1355 1189 1394 cum

110 1455 137 1495 a.
154 1441 193 1494 54
217 1437 358 1498 sensisset
386 1438 444 1496 iam
475 1457 535 1497 uon
558 1457 589 1496 se
611 1456 703 1495 unum
734 1441 815 1497 certe
842 1436 1030 1497 auditoribus
1059 1437 1189 1514 probari,

112 1559 290 1620 quamquam
306 1541 337 1599 in
353 1541 459 1600 ceteris
478 1541 597 1620 quidem
620 1541 709 1599 rebus
732 1559 769 1598 ue
791 1539 940 1600 tantulum
963 1538 1086 1619 quidem
1102 1560 1189 1613 novo,

111 1644 192 1722 quod
216 1643 347 1704 Atticum
370 1663 480 1702 nomen
503 1642 559 1702 sibi
582 1641 762 1714 vindicabat,
786 1643 888 1716 generi
911 1641 1068 1716 concessit,
1092 1648 1191 1702 tamen

110 1747 181 1805 inde
203 1749 240 1806 ab
257 1745 421 1805 Miloniana
442 1747 471 1806 id
487 1748 614 1807 fortasse
630 1746 656 1803 ei
672 1745 833 1817 tribuebat,
856 1750 890 1804 ut
905 1745 1033 1824 quadam
1050 1752 1191 1823 exparte

112 1850 357 1926 compositionem
385 1851 482 1909 minus
511 1850 682 1927 praevalere
705 1849 812 1909 vellet:
841 1846 929 1924 plane
952 1852 1053 1908 autem
1077 1850 1191 1909 studuit

112 1953 232 2033 quidem
256 1952 373 2012 Atticos
395 1952 505 2012 imitari
528 1952 560 2010 in
584 1957 670 2010 oratt.
694 1971 722 2027 p.
738 1951 858 2026 Ligario
881 1956 912 2011 et
934 1951 1078 2011 Deiotaro
1101 1953 1190 2013 habb.

112 2056 313 2132 singularibus
340 2056 514 2136 quibusdam
547 2059 711 2113 commotus
739 2054 851 2114 causis:
882 2059 1033 2130 postremo
1065 2056 1097 2114 in
1122 2056 1189 2115 Phi·

113 2160 233 2237 lippiois
255 2179 357 2220 rursus
379 2159 415 2219 ad
438 2157 600 2219 iuvenilem
622 2158 744 2217 recessit
756 2155 935 2238 [dictionem.
