2602 4560
540 159 752 224 ..30-

58 369 64 379 ,
103 317 225 393 pulchra
243 315 382 386 laudatah,
409 325 458 373 tua
478 316 633 384 maheratio,
660 322 709 371 tua
729 313 900 382 cohortatio,
928 321 969 382 tu,
996 321 1026 369 tu
1044 314 1192 389 inquam.‘

106 419 243 497 Denique
266 437 305 475 ex
326 417 405 476 Phil.
424 418 459 490 V,
480 423 518 476 33
543 436 804 477 commemoremus
827 416 1005 492 exemplum,
1028 415 1110 493 quod
1134 434 1193 473 no-

107 525 183 580 stras
207 520 326 600 quidem
349 538 434 579 aures
456 507 616 595 repentina
637 524 669 578 et
689 519 858 594 inopinata,
881 521 915 577 ut
936 518 979 577 ita
1001 518 1114 590 dicam,
1138 537 1193 592 ge-

107 625 270 683 minatione
300 622 441 681 offendit:
472 641 535 678 oum
566 622 619 679 iac
638 631 738 698 patres
760 623 936 696 conscripti,
971 620 1062 690 bello,
1097 618 1189 691 bello,

106 729 229 803 taquam,
255 726 454 783 decertandum
477 733 530 782 est.

193 830 250 888 Sed
272 847 310 887 ne
333 828 523 904 epanaphora
539 827 659 905 quidem
681 827 714 885 in
729 826 916 885 orationibus
938 845 992 902 pro
1009 825 1132 901 Ligario
1159 830 1193 886 et

108 933 248 992 Deiotaro
270 932 359 989 habb.
376 929 490 988 Tullius
513 929 555 988 sic
577 930 680 1003 utitur,
703 934 737 988 ut
758 930 795 987 ab
817 928 870 988 illa
890 928 1098 987 summissione
1122 949 1192 988 ora-

107 1037 198 1096 tionis
226 1036 360 1094 reccdat:
390 1033 530 1091 nimirum
552 1032 602 1091 hic
625 1051 745 1111 quoque
768 1035 940 1091 natantum
964 1030 1103 1106 exempla
1126 1033 1192 1092 sint

106 1139 306 1215 respicienda,
337 1155 413 1216 quae
443 1135 673 1209 ,contentionem
698 1135 827 1214 aliquam
850 1140 881 1195 et
902 1135 1059 1192 clamorem
1084 1136 1192 1214 requi-

106 1245 194 1301 rent‘.
241 1239 349 1304 Qualia
377 1239 438 1298 sint
466 1241 557 1314 puto:
587 1238 667 1295 Phil.
686 1238 742 1311 XI,
762 1242 798 1295 10
830 1239 928 1315 Neque
956 1255 1031 1294 nunc
1051 1235 1192 1313 fortasse

107 1346 219 1403 alienus
240 1343 278 1401 ab
295 1362 328 1400 co
344 1360 442 1411 essen,
468 1343 527 1398 nisi
546 1340 596 1397 illc
616 1339 708 1411 nobis,
731 1342 792 1398 nisi
810 1341 954 1399 moenibus
974 1342 1103 1417 patriae,
1130 1344 1195 1399 nisi

107 1448 174 1506 ituro
193 1445 266 1516 urbi,
292 1447 353 1503 nisi
365 1446 410 1503 dis
424 1442 586 1520 penatibus,
612 1444 671 1500 nisi
690 1445 752 1500 arii
774 1452 803 1501 et
815 1443 897 1523 sacis
916 1485 922 1500 .
940 1484 947 1499 .
964 1485 971 1500 .
991 1445 1050 1500 nisi
1065 1442 1191 1521 decimae

106 1559 230 1609 naturae
337 1549 466 1604 inuentus
489 1554 563 1603 esset
583 1546 726 1603 anomocus.
773 1546 837 1604 Mil.
856 1551 895 1604 38
916 1547 1048 1622 potuitne
1069 1579 1112 1588 -
1133 1567 1190 1624 po·

108 1656 197 1710 tuitne
218 1685 260 1694 -
279 1652 411 1727 potuitne
433 1683 475 1692 -
494 1650 627 1724 potuitne
648 1682 689 1690 -
709 1651 849 1724 potuitne.
908 1649 946 1707 67
982 1651 1018 1707 Si
1049 1650 1190 1707 Milonem

108 1758 198 1825 timos,
224 1757 252 1811 si
271 1753 346 1811 hunc
365 1794 372 1809 .
391 1794 397 1809 .
415 1795 421 1809 .
436 1761 542 1827 putas,
567 1753 597 1809 si
612 1752 716 1810 Itoiahe
737 1752 862 1809 detectus
885 1785 925 1795 —-
947 1755 976 1810 si
996 1753 1066 1810 iaec
1088 1772 1188 1826 arma,

106 1859 134 1915 si
155 1857 336 1932 Capitolinae
357 1855 504 1925 cohortes,
529 1858 558 1912 si
578 1853 733 1924 excubiae,
759 1857 788 1911 si
807 1856 933 1930 uigiliae,
959 1858 988 1914 ai
1006 1857 1117 1932 delecta
1142 1860 1190 1915 iu-

107 1969 216 2019 uentus.
265 1955 358 2040 mlta
382 1978 461 2028 earn,
486 1960 568 2016 cut’ua
590 1992 632 2001 -—
655 1977 735 2027 eum,
761 1976 841 2034 quem
864 1993 906 2002 ——
928 1977 990 2016 eunt
1012 1961 1064 2036 pai
1084 1949 1187 2030 cahem,

107 2082 187 2141 quem
294 2081 373 2139 quem
394 2104 400 2119 .
419 2103 425 2118 .
444 2103 451 2117 .
471 2080 550 2137 quom
573 2094 615 2104 -
638 2080 710 2131 etam,
736 2063 789 2137 qai
808 2094 850 2105 —
873 2080 946 2132 crona,
971 2063 1024 2138 qui
1043 2096 1084 2106 —
1108 2083 1186 2135 eum,

108 2170 158 2226 cui
176 2201 218 2210 -
241 2184 303 2223 eum
325 2167 443 2241 denr'que
465 2165 514 2222 eui
534 2165 588 2221 earn
611 2163 692 2221 nulla
716 2165 764 2221 lea
785 2174 860 2234 erat,
885 2164 994 2222 nulium
1017 2166 1104 2222 ciuile
1126 2169 1185 2237 olas,

107 2271 183 2329 nulii
195 2271 403 2347 possessionum
421 2269 537 2325 termini
557 2286 642 2347 e.q.s.
690 2267 728 2324 D.
746 2267 818 2344 imp.
836 2269 943 2344 Pomp.
963 2272 1002 2324 30
1027 2268 1120 2325 Testis
1143 2279 1191 2327 est

107 2375 196 2432 ltalia
218 2406 261 2416 ·—
285 2371 376 2428 Testis
398 2379 440 2427 cst
462 2372 567 2428 Sicilia
590 2403 631 2413 ——
657 2370 748 2428 Testis
769 2379 814 2427 est
833 2369 942 2448 Africa
965 2405 1007 2414 —
1032 2371 1124 2428 Testis
1143 2382 1189 2430 est

108 2477 203 2534 Gallia
225 2509 267 2517 —
293 2474 382 2530 Testis
403 2481 446 2530 est
468 2475 611 2549 Hispania
638 2506 679 2517 —
705 2473 798 2531 Testis
826 2483 870 2531 est
897 2476 997 2532 iterum
1022 2483 1051 2531 et
1070 2477 1189 2551 saepius

106 2581 207 2639 Italia.
254 2576 393 2655 Denique
415 2596 443 2652 p.
468 2577 555 2636 Rosa.
580 2579 646 2634 Am.
669 2581 704 2635 13
728 2579 880 2635 Accusant
900 2579 934 2649 ii,
959 2580 1010 2653 qui
1115 2595 1188 2634 cau-

107 2702 167 2741 sam
191 2683 264 2740 dicit
285 2683 322 2751 is,
347 2682 397 2738 cui
416 2713 458 2724 -
480 2690 621 2739 accusant
642 2683 675 2752 ii,
700 2682 803 2758 quibus
828 2723 885 2739 ...
910 2700 1027 2739 eausam
1050 2681 1182 2752 dicitis,

109 2789 220 2844 cui-
242 2793 381 2843 accusant
402 2786 440 2855 ii,
473 2786 523 2860 qui
545 2825 600 2840 ...
627 2802 742 2843 causan
766 2786 839 2843 dt’cit
858 2787 899 2855 is,
933 2787 983 2861 qui
1002 2819 1043 2826 —
1065 2786 1188 2862 denr'pae

108 2897 248 2946 accusant
267 2891 300 2957 ii,
326 2906 395 2963 quos
501 2906 616 2946 oausam
639 2887 769 2957 dicitis,
794 2886 934 2965 quim).

194 2989 310 3054 Quibus
332 3009 398 3048 cum
421 2988 567 3065 exemplis
590 3008 629 3048 ex
651 2990 761 3051 nostris
781 2991 964 3050 orationibus
987 2992 1104 3065 singula
1119 2997 1185 3050 tan-

108 3099 170 3155 tum
198 3093 294 3169 possis
323 3111 509 3168 comparare:
539 3093 603 3151 dico
634 3112 672 3150 ex
702 3112 743 3151 or.
767 3113 796 3168 p.
821 3093 886 3151 Dei.
909 3094 976 3152 hab.
1001 3093 1073 3172 §15
1103 3099 1185 3153 euius

110 3197 186 3254 tanti
212 3196 329 3253 sceleris
349 3193 449 3273 suerit
469 3229 512 3239 —-
533 3198 616 3253 cuias
647 3205 742 3252 tantae
766 3195 933 3269 ferocitatis
955 3231 996 3241 —
1020 3199 1102 3254 citius
1126 3206 1184 3255 tam

108 3300 259 3357 inhumani
285 3308 314 3356 ct
341 3301 455 3375 ingrati
483 3302 575 3357 anina'
603 3333 644 3342 -
761 3308 795 3356 ut
822 3299 892 3358 iaec
922 3302 1067 3370 omittam,
1101 3305 1185 3359 curias

111 3403 189 3459 tanti
205 3400 327 3479 faenoris
433 3404 463 3460 et
485 3402 692 3461 suavissimum
720 3402 805 3460 illum
835 3421 874 3461 ex
898 3403 1057 3479 Ligariana
1086 3403 1183 3462 locum

111 3503 204 3581 §33:
226 3504 276 3573 ,Si
287 3503 442 3583 fraterne,
467 3507 496 3561 si
511 3507 571 3585 pia,
596 3508 625 3563 si
645 3526 706 3564 carm
729 3506 828 3563 dolore
842 3505 977 3582 faciunt,
1004 3516 1134 3565 moueant
1157 3516 1184 3563 to

182 3691 241 3755 103)
257 3693 381 3740 Nimirum
398 3692 447 3738 alia
471 3692 537 3739 haud
560 3707 639 3753 pauca
663 3694 715 3741 eius
739 3695 836 3754 generis
860 3711 890 3742 sx
914 3695 1006 3742 nostris
1031 3695 1183 3742 orationibus

110 3780 205 3841 possint
217 3780 306 3826 afferri.
343 3779 382 3827 Cf.
401 3778 475 3826 etiam
493 3779 615 3838 insignem
633 3780 700 3827 illam
720 3781 903 3841 epanaphoram
921 3781 991 3826 Brut.
1003 3782 1062 3839 322,
1080 3781 1122 3827 abi
1141 3782 1183 3828 de-

110 3868 160 3914 cies
172 3866 258 3913 eadem
271 3866 349 3913 verba
361 3870 505 3925 repetantur
523 3880 605 3925 ,aeona
624 3866 665 3924 qni
677 3892 709 3901 -—
722 3881 797 3925 nemo,
812 3867 855 3926 qui
864 3894 898 3903 -
909 3881 985 3925 nemo,
999 3867 1042 3925 qui
1058 3893 1091 3902 -
1109 3883 1184 3926 mmo,

110 3953 153 4010 qui
169 3979 202 3988 -
218 3967 294 4012 nemo,
312 3951 355 4011 qui
371 3980 404 3988 —
419 3966 500 4011 nemo,
518 3953 560 4012 qui
576 3979 608 3988 -
626 3966 706 4011 nemo,
724 3953 767 4011 qui
783 3979 816 3988 —
832 3969 913 4011 nomo,
932 3953 975 4012 qui
991 3981 1024 3990 -
1041 3969 1120 4010 nemo,
1142 3955 1185 4013 qui

110 4064 144 4074 -
161 4053 236 4097 nemo,
254 4037 307 4100 qui‘
326 4045 351 4087 st
367 4041 488 4102 exempla,
507 4054 569 4099 qaas
587 4040 659 4087 offert
676 4038 771 4087 Cernit.
789 4041 805 4087 l.
821 4042 839 4090 l.
