2602 4560
572 212 784 278 ..54-

136 388 211 450 quae
233 369 266 427 in
288 367 536 445 panegyricorum
566 389 688 427 numero
719 370 759 428 sit
780 370 933 442 habenda,
964 386 1035 429 sane
1058 387 1120 428 non
1143 370 1220 445 apta

135 472 243 532 fuisset
258 471 349 531 dictio
364 471 473 531 tenuis.
518 469 604 534 Quod
628 490 686 550 quo
709 470 827 530 facilius
849 471 905 530 tibi
928 470 1116 548 persuadeas,
1140 468 1221 529 scias

137 574 226 634 velim
253 574 351 650 ipsum
374 574 494 653 Lysiam
524 573 556 631 in
586 573 775 651 panegyricis
805 594 823 633 a
851 574 974 651 propria
1003 573 1134 632 dictione
1166 591 1221 631 sua

138 676 354 757 aliquantulum
371 675 527 735 recessisse
542 675 695 755 magisque
707 680 841 735 ornatam
857 676 913 736 sibi
927 675 1096 736 adscivisse.
1125 673 1219 735 Cuius

137 780 182 839 rei
205 784 236 839 et
258 779 434 855 superstites
457 779 521 838 eius
543 779 692 837 orationes
714 784 785 838 sunt
798 782 890 839 testes
906 782 936 837 et
950 778 1114 855 Dionysius
1129 775 1219 835 Hali·

137 881 343 954 carcassensis,
368 881 419 961 qui
434 882 507 940 haec
523 880 559 939 da
574 881 630 940 hac
644 900 676 940 re
698 880 811 941 iudicat
825 881 857 940 in
873 882 933 942 iud.
950 882 1019 959 Lys.
1036 901 1061 942 o.
1072 879 1220 939 XXVIII

137 1006 167 1063 p.
181 991 241 1044 518
254 1005 298 1064 sq.
315 985 371 1044 R.:
399 975 450 1041 Ἐν
472 977 526 1059 μὲν
547 975 586 1058 δὴ
608 984 671 1051 τοῖς
693 979 903 1052 ἐπιδεικτικοῖς
923 976 1023 1063 λόγοις
1045 976 1218 1058 μαλακώτι-

138 1109 200 1169 ρος,
227 1081 325 1164 ὥσπερ
349 1083 435 1163 ἔφην.
473 1077 613 1162 βούλεται
627 1080 680 1161 μὲν
695 1079 750 1164 yoip
766 1076 951 1166 ὑψηλότερος
974 1075 1113 1144 εἶναικαὶ
1128 1104 1218 1166 pasyc-

137 1185 370 1271 λοιτρειτὲστερος
398 1184 449 1248 καὶ
477 1190 536 1247 τῶν
563 1207 596 1268 γε
624 1180 696 1247 καθ’
725 1180 832 1248 ἑαυτόν
859 1181 1047 1269 ἦττρότερον
1075 1182 1216 1268 ῥητόρων

137 1286 337 1371 ἀκμασάντων
365 1282 491 1360 οὐδενός
520 1283 690 1362 ἂνδόξειεν
720 1281 795 1350 εἶναι
823 1287 1063 1371 καταδεέστερος·
1095 1285 1132 1350 οὗ
1158 1288 1216 1350 διε·

138 1395 225 1476 γιίρει
248 1389 280 1453 δὲ
302 1387 354 1454 τὸν
376 1384 530 1471 ἀκροατὴν
553 1385 651 1473 ὥσπερ
672 1385 842 1473 Ἰσοκράτης
864 1386 885 1470 ἢ
907 1389 1124 1471 Δημοσθένης,
1157 1394 1218 1454 col·

136 1501 197 1560 lato
220 1520 244 1560 ο.
259 1498 311 1558 III
331 1517 360 1575 p.
377 1502 438 1556 459
455 1497 508 1555 R.:
531 1495 648 1566 Λοσὶας
669 1491 701 1555 di
723 1497 861 1557 τοιοῦτον
883 1497 935 1575 (so.
952 1495 1102 1572 ornatum)
1126 1488 1217 1556 oridia

137 1595 265 1680 ἤσκησεν
363 1600 502 1675 ποιῆσαι,
526 1591 602 1675 πλὴν
624 1595 653 1657 εἷ’
671 1620 697 1658 τι
720 1593 828 1678 μικρὸν
850 1596 881 1659 ἐν
902 1602 965 1669 τοῖς
986 1602 1214 1680 πανηγυρικοῖς.

222 1705 339 1765 Deinde
361 1703 555 1763 necessaris
577 1703 697 1782 quidem
727 1703 758 1762 in
781 1704 837 1764 hac
860 1704 995 1765 oratione
1024 1708 1110 1765 tante
1139 1707 1216 1765 ratio

137 1810 275 1869 habenda
295 1807 362 1880 fuit,
386 1811 497 1887 quanta
518 1806 549 1865 in
573 1810 659 1866 oratt.
683 1827 737 1883 pro
753 1806 873 1883 Ligario
891 1813 922 1867 et
937 1807 1079 1867 Deiotaro
1095 1807 1216 1867 habitis.

137 1911 213 1970 Nam
234 1913 265 1970 in
288 1910 336 1969 his
357 1910 436 1986 apud
459 1929 526 1969 eum
550 1909 628 1968 dixit
649 1928 776 1988 eumque
799 1915 845 1969 est
866 1909 1020 1983 allocutus,
1044 1928 1138 1988 aquo
1161 1908 1215 1967 ali-

137 2015 208 2094 quid
224 2019 288 2073 erat
302 2013 521 2089 impetraturus,
544 2011 753 2072 liberationem
775 2012 889 2073 scilicet
910 2032 1045 2073 reorum:
1069 2032 1129 2092 quo
1153 2031 1216 2071 ma·

138 2118 183 2193 gis
206 2123 321 2188 orator,
354 2119 388 2174 ut
409 2115 553 2175 auditoris
576 2133 662 2175 aures
685 2118 830 2191 captaret,
862 2115 892 2175 id
915 2135 1023 2191 genus,
1056 2117 1136 2196 quod
1164 2116 1215 2175 ille

136 2222 333 2292 adamaverat,
355 2217 518 2278 adsciscere
534 2219 668 2278 debebat.
707 2219 817 2278 Contra
830 2219 862 2276 in
878 2218 1078 2293 Marcelliano,
1102 2222 1215 2298 quippe

137 2341 213 2403 quae
241 2341 419 2403 quamquam
447 2322 499 2380 uni
529 2322 594 2382 viro
624 2321 736 2398 gratiae
764 2322 945 2397 agebantur,
980 2327 1077 2382 tamen
1108 2326 1214 2398 utpote

136 2426 267 2485 laudatio
288 2445 350 2483 non
371 2425 465 2500 magis
486 2427 523 2484 ad
546 2445 628 2498 eum,
661 2426 712 2505 qui
742 2425 933 2498 laudabatur,
968 2444 1056 2503 quam
1085 2427 1123 2484 ad
1153 2444 1212 2498 eos,

137 2529 215 2606 apud
238 2547 313 2607 quos
334 2527 386 2585 ille
408 2527 600 2601 laudabatur,
624 2533 788 2604 spectaret,
812 2527 905 2588 multo
928 2528 1023 2607 magis
1046 2528 1157 2589 oratori
1179 2528 1214 2587 li-

137 2632 200 2692 cuit
220 2649 274 2689 sua
296 2629 414 2689 dicendi
436 2629 650 2690 consuetudine
672 2631 832 2691 exsultare.

224 2732 307 2797 Quae
329 2753 396 2792 cum
418 2753 472 2811 per
494 2753 525 2794 so
547 2738 680 2810 spectata
701 2735 760 2793 iam
783 2734 845 2795 siut
866 2733 1050 2809 verisimilia,
1073 2753 1148 2795 vera
1168 2752 1214 2794 re-

137 2837 291 2915 perientur
312 2838 377 2914 ipsa
398 2837 488 2896 huius
511 2837 654 2897 orationis
676 2837 843 2898 elocutione
865 2844 935 2898 ante
958 2837 1060 2899 oculos
1081 2837 1187 2915 posita.

224 2941 265 3000 Ut
286 2941 366 2999 unde
389 2941 613 3014 consuevimus,
644 2942 681 2999 ab
704 2941 853 3002 latinitate
876 2941 1033 3001 exordium
1054 2940 1215 3018 capiamus,

138 3046 266 3104 maxime
288 3045 361 3102 haec
384 3051 414 3102 te
437 3044 605 3104 offendant:
648 3092 650 3097 .

223 3145 239 3226 S
260 3151 297 3206 10
326 3145 416 3222 longe
437 3146 682 3222 praestantissimi
706 3149 821 3208 codices
845 3146 1112 3225 G(0mu1acensis)
1135 3147 1214 3209 etE

137 3249 304 3330 (tartensis)
327 3251 401 3309 haec
423 3251 585 3326 praebent:
617 3252 751 3321 ,omnium
775 3252 981 3310 Marcellorum
1005 3269 1095 3309 meum
1113 3258 1214 3328 pectus

138 3355 273 3417 memorio
304 3351 449 3433 obj‘udr't‘:
485 3352 568 3413 cuius
599 3354 756 3414 mutandae
787 3353 950 3431 scripturae
981 3350 1094 3412 nullam
1125 3353 1214 3415 video

138 3476 262 3528 causam,
286 3474 464 3535 quamquam
488 3456 539 3535 qui
561 3456 644 3517 locus
667 3457 804 3517 Taciteus
820 3462 898 3516 Ann.
918 3462 964 3530 ll,
982 3461 1020 3514 31
1044 3455 1128 3528 ,satis
1143 3475 1215 3516 oon·

138 3565 198 3621 stat
220 3580 254 3619 eo
283 3578 394 3636 pavore
417 3561 544 3619 offusum
567 3560 746 3634 Claudium‘,
778 3560 856 3619 haud
884 3560 995 3618 iniuria
1024 3558 1213 3636 comparandi

138 3682 225 3724 causa
245 3662 346 3721 afferri
377 3662 469 3736 solet,
501 3682 561 3722 non
585 3664 722 3723 omnibus
744 3665 878 3741 partibus
900 3662 1052 3724 satisfacit.
1096 3660 1155 3721 Sed
1177 3661 1214 3720 li·

137 3767 253 3826 beriore
282 3765 332 3825 vel
361 3765 503 3841 singulari
534 3767 661 3847 quadam
690 3767 911 3827 constructione
939 3785 1010 3825 usus
1033 3765 1135 3824 Cicero
1159 3766 1212 3824 ob·

136 3868 280 3928 fundendi
313 3870 437 3929 verbum
470 3875 503 3929 nt
534 3871 590 3930 hac
622 3869 840 3946 significatione
874 3869 1040 3946 praeditum
1062 3893 1106 3919 =
1128 3866 1212 3926 eici

137 3972 208 4030 iiber
229 3982 317 4029 etwas
338 3974 494 4047 ergresseu,
519 3980 607 4030 etwas
629 3972 822 4032 liberabitura
845 3971 1091 4050 usurpavit1⁴⁷).

207 4104 265 4176 147)
285 4108 314 4155 ci.
332 4107 582 4156 Richter-Eberhardi
608 4108 679 4157 adm:
705 4108 800 4167 ‚offudit
825 4109 958 4156 starker
982 4107 1021 4157 alu
1043 4107 1114 4156 rabie
1139 4123 1162 4158 σ.
1179 4110 1212 4156 ei
