2602 4560
569 233 781 298 ..55.„

139 390 312 450 neronianas
334 389 581 450 intercedentium
604 409 677 464 esm,
701 409 789 471 quam
809 390 911 451 attulit
926 379 1061 450 Wiistius
1084 387 1218 464 generali

140 493 271 572 quodam
294 512 332 552 ax
354 493 419 553 loco
444 493 645 568 desumptam,
667 493 731 551 fere
753 493 865 552 nullam
886 512 959 552 esse.
1004 492 1102 551 Aliam
1123 491 1219 565 igitur

141 613 283 654 conemur
297 595 438 671 reperire.
482 599 582 675 Atque
596 595 628 653 id
643 595 762 676 quidem
777 596 836 654 iam
852 595 909 655 erit
930 595 1118 673 perspicuum
1135 594 1220 654 (lice-

138 716 252 770 ronem,
275 717 341 756 cum
357 701 485 757 mutaret
500 698 697 774 componendi
719 697 874 771 rationem,
897 697 928 755 id
943 698 1050 757 fecisse
1065 719 1127 757 nou
1142 717 1218 776 quo·

139 799 219 859 niam
235 799 326 859 semel
342 805 448 860 natura
463 799 542 861 vitae
565 801 712 859 humanae
726 800 787 860 tale
802 801 870 873 fert,
893 801 944 860 sed
960 800 1095 862 consulto
1111 805 1220 862 certa

138 902 269 983 aliquo
291 921 402 962 causo
423 907 649 979 permotum.
843 985 845 988 y

226 1003 292 1068 Qus
313 1004 347 1062 iu
368 1004 577 1081 investiganda
606 1024 713 1081 magno
741 1002 866 1066 fortasse
894 1006 1062 1088 adiumento
1086 1005 1159 1079 erit,
1193 1006 1221 1066 si

140 1109 225 1186 prius
247 1109 325 1167 hano
341 1108 543 1188 quaestionem
566 1109 785 1185 peregerimus:
808 1129 878 1168 num
895 1108 1030 1169 Wiistius
1044 1109 1076 1167 in
1092 1108 1220 1169 circum-

142 1211 306 1272 scribendis
325 1212 385 1270 suis
401 1210 543 1271 classibus
565 1216 645 1271 recte
666 1212 801 1289 posuerit
822 1212 973 1272 terminos.
1019 1214 1118 1291 Atque
1133 1211 1221 1270 illum

141 1315 274 1392 quidem,
308 1333 396 1393 quam
418 1313 498 1373 inter
521 1314 662 1374 Verrinas
684 1321 714 1375 et
736 1335 779 1374 or.
802 1317 830 1377 d.
852 1316 923 1391 imp.
946 1316 999 1375 On.
1022 1316 1126 1390 Pomp.
1149 1315 1221 1373 hub.

138 1416 327 1493 interposuit,
349 1417 415 1475 iure
438 1436 502 1476 esse
524 1417 654 1493 positum
678 1438 780 1477 omues
802 1418 889 1477 facile
913 1419 1088 1478 concedunt.

225 1518 391 1579 Sestiansm
414 1539 486 1579 vero
509 1520 589 1578 haud
608 1519 730 1580 difficile
753 1521 793 1580 sit
814 1522 942 1597 probatu
964 1521 1143 1598 optimarum
1165 1540 1220 1596 po·

140 1621 200 1681 tius
215 1621 381 1681 orationum
399 1622 485 1682 classi
509 1640 573 1682 esse
596 1623 808 1683 ascribendam.
852 1624 890 1682 Id
906 1625 986 1703 quod
1000 1623 1130 1684 libenter
1145 1623 1221 1682 mihi

141 1725 300 1797 concedes,
335 1724 360 1784 si
394 1723 605 1804 disyllaborum
640 1731 671 1785 et
702 1725 989 1805 quadrisyllabamm
1022 1726 1222 1786 clausularum

142 1845 271 1887 summas
300 1845 355 1887 nec
385 1848 446 1886 non
475 1828 793 1908 quinquesyllabarum
816 1830 1009 1906 compararis,
1041 1829 1065 1888 si
1090 1814 1223 1910 quaein

141 1929 234 1988 classe
264 1929 476 2007 disyllaborum
497 1951 604 1991 vocum
631 1931 711 1991 inter
740 1932 933 1992 ascendentes
956 1936 986 1992 et
1008 1933 1224 1993 descendentes

144 2030 219 2091 ratio
235 2031 408 2105 intercedat,
432 2033 503 2094 satis
520 2033 717 2110 perspexeris,
740 2034 766 2093 si
787 2034 820 2093 in
842 2034 987 2094 clausulas
1010 2035 1140 2094 dochmii
1161 2035 1223 2094 for-

142 2152 220 2193 mam
242 2153 313 2211 prae
336 2154 367 2194 se
390 2135 521 2196 ferentes
544 2136 674 2196 animum
696 2135 952 2215 intenderis139),
976 2137 1104 2216 denique
1128 2137 1153 2197 si
1177 2137 1222 2196 di-

142 2238 349 2298 trochaeorum
378 2258 416 2298 ex
440 2239 668 2319 quadrisyllabis
697 2242 870 2301 effectorum
900 2261 1056 2300 numerum
1086 2244 1133 2300 sat
1161 2259 1223 2299 am-

143 2338 225 2414 plum
256 2342 473 2419 contemplatus
495 2343 560 2401 eris.

229 2441 277 2502 Sic
299 2444 324 2503 si
343 2444 503 2504 terminum
526 2446 682 2506 statuimus
705 2444 825 2523 (nempe
841 2448 909 2521 post
923 2445 1087 2506 Sestianam
1103 2445 1222 2504 demum

144 2544 274 2622 optimae
303 2545 420 2622 periodi
442 2546 531 2605 finem
555 2566 708 2606 censemus
731 2545 821 2624 esse),
853 2546 960 2606 lucrari
992 2547 1080 2606 nobis
1108 2547 1222 2627 aliquid

143 2646 292 2721 videmur,
325 2650 404 2729 quod
432 2648 520 2708 valde
550 2647 757 2708 desideremus.
801 2649 890 2709 Nunc
912 2649 990 2707 enim
1013 2649 1100 2709 facile
1123 2653 1224 2727 potest

143 2749 281 2827 perspici,
304 2771 368 2811 cur
383 2751 484 2812 Cicero
500 2751 697 2828 componendi
719 2751 865 2812 rationem
887 2751 919 2810 in
942 2752 1027 2828 peius
1050 2752 1222 2813 mutaverit.

145 2851 222 2911 Nam
244 2855 359 2914 duobus
381 2855 468 2914 modo
495 2854 581 2915 annis
611 2859 680 2914 ante
703 2873 791 2934 quam
814 2854 1009 2913 Milonisnsm
1033 2855 1154 2931 scripsit
1176 2854 1223 2914 ci-

146 2974 223 3029 cero,
246 2957 399 3016 Vatinium
424 2962 527 3019 contra
549 2958 583 3018 L.
600 2957 749 3017 Licinium
771 2957 894 3018 Calvum
917 2957 1006 3033 longe
1028 2957 1222 3033 praestantis-

146 3056 253 3116 simum
275 3078 314 3118 ex
337 3060 473 3120 omnibus
495 3079 574 3121 nova
596 3060 764 3121 Atticorum
789 3059 948 3136 disciplina
977 3059 1100 3120 imbutis
1123 3063 1221 3119 orato·
1267 3082 1273 3089 ·

146 3159 229 3219 ribus
251 3161 384 3222 defendit
405 3162 443 3239 (a.
462 3164 523 3241 54).
567 3165 612 3222 De
632 3163 817 3223 orationibus
839 3165 946 3234 eutem,
970 3181 1044 3241 quas
1059 3161 1168 3223 Calvus
1189 3160 1223 3220 in

146 3262 243 3323 causis
265 3263 433 3325 Vatinianis
454 3266 567 3340 habuit,
590 3265 658 3327 vide
683 3285 759 3347 quse
774 3263 1022 3326 Wilsmowitzius
1044 3265 1110 3334 loco
1133 3284 1224 3342 suprs

145 3364 265 3427 laudato
287 3367 413 3430 iudicat:
436 3369 577 3441 ‚Freilr'cls
600 3389 661 3428 war
685 3370 784 3427 Cicero
806 3369 918 3426 domolo
940 3368 969 3425 in
992 3369 1096 3426 scincus
1119 3370 1222 3445 er'gncu

219 3588 279 3653 139)
297 3591 336 3637 De
354 3603 403 3648 qus
420 3603 447 3637 rs
466 3605 496 3638 cn
515 3590 568 3650 ipse
580 3591 692 3638 Wiistius
711 3591 795 3638 dicens
813 3589 847 3653 (p.
862 3587 921 3654 68):
940 3589 1070 3637 Dochmius
1087 3589 1131 3648 qui
1147 3589 1224 3649 sequi-

148 3683 187 3722 tur
205 3677 295 3722 intuto
320 3675 482 3722 clausularum
506 3690 602 3722 numero
627 3677 772 3736 uinculorum
795 3676 912 3736 quendem
935 3677 1012 3723 iocum
1035 3673 1082 3721 sibi
1103 3672 1224 3722 vindicor:

148 3777 205 3808 uum
222 3777 273 3808 oum
290 3762 316 3808 in
334 3761 423 3808 dicebas
443 3761 566 3821 prioribus
587 3763 695 3822 periodis
712 3763 769 3822 fere
792 3761 950 3822 aequabiliter
974 3762 1010 3808 ito
1036 3766 1169 3820 apparead,
1199 3767 1225 3807 ut

149 3848 219 3895 unicis
236 3863 356 3894 numerum
370 3848 512 3906 paclojere
530 3848 674 3905 eprediutur,
701 3847 775 3894 iude
801 3847 840 3894 ab
858 3847 1014 3895 oratione
1035 3863 1095 3906 pro
1114 3846 1225 3895 Sestio

149 3935 199 3980 oei
216 3935 366 3981 rimosis
390 3934 463 3980 iude
488 3933 525 3980 od
542 3934 695 3980 oratioue
714 3950 776 3993 pro
794 3934 915 3981 Milone
932 3931 1049 3979 habita
1067 3932 1127 3980 adeo
1145 3948 1225 3981 corro-

150 4020 260 4077 boratur,
284 4025 310 4064 ut
326 4033 447 4065 numerum
464 4019 591 4076 quinorum
615 4019 640 4065 io
657 4018 803 4065 mationibus
822 4023 1042 4078 praesequantur,
1070 4019 1225 4066 irroratione

145 4120 194 4168 pro
210 4119 265 4166 repe
283 4105 398 4153 Deiotaro
416 4104 476 4154 adeo
493 4120 574 4153 uocem
591 4105 722 4167 occurrisse·
