<?xml version="1.0" encoding="UTF-8"?>
<!DOCTYPE html PUBLIC "-//W3C//DTD XHTML 1.0 Transitional//EN"
    "http://www.w3.org/TR/xhtml1/DTD/xhtml1-transitional.dtd">
<html xmlns="http://www.w3.org/1999/xhtml" xml:lang="en" lang="en">
 <head>
  <title>
</title>
<meta http-equiv="Content-Type" content="text/html;charset=utf-8" />
  <meta name='ocr-system' content='tesseract 3.04.00' />
  <meta name='ocr-capabilities' content='ocr_page ocr_carea ocr_par ocr_line ocrx_word'/>
</head>
<body>
  <div class='ocr_page' id='page_1' title='image "./deearumquaevoca01guttgoog_0075.png"; bbox 0 0 2602 4560; ppageno 0'>
   <div class='ocr_carea' id='block_1_1' title="bbox 573 243 787 307">
    <p class='ocr_par' dir='ltr' id='par_1_1' title="bbox 573 243 787 307">
     <span class='ocr_line' id='line_1_1' title="bbox 573 243 787 307; baseline 0.009 -19"><span class='ocrx_word' id='word_1_1' title='bbox 573 243 787 307; x_wconf 68' lang='lat'>..55-</span> 
     </span>
    </p>
   </div>
   <div class='ocr_carea' id='block_1_2' title="bbox 131 398 1225 3262">
    <p class='ocr_par' dir='ltr' id='par_1_2' title="bbox 139 398 1225 1196">
     <span class='ocr_line' id='line_1_2' title="bbox 139 398 1225 480; baseline 0.009 -26"><span class='ocrx_word' id='word_1_2' title='bbox 139 400 247 475; x_wconf 82' lang='lat' dir='ltr'><strong>positio</strong></span> <span class='ocrx_word' id='word_1_3' title='bbox 271 398 334 469; x_wconf 83' lang='lat' dir='ltr'><strong>‚ab‘</strong></span> <span class='ocrx_word' id='word_1_4' title='bbox 354 418 391 456; x_wconf 74' lang='lat' dir='ltr'><strong>ea</strong></span> <span class='ocrx_word' id='word_1_5' title='bbox 406 398 459 455; x_wconf 78' lang='lat' dir='ltr'><strong>hoo</strong></span> <span class='ocrx_word' id='word_1_6' title='bbox 478 400 562 456; x_wconf 70' lang='lat' dir='ltr'><strong>nerto</strong></span> <span class='ocrx_word' id='word_1_7' title='bbox 582 409 650 475; x_wconf 82' lang='lat' dir='ltr'><strong>opta</strong></span> <span class='ocrx_word' id='word_1_8' title='bbox 669 410 722 471; x_wconf 83' lang='lat' dir='ltr'><strong>est,</strong></span> <span class='ocrx_word' id='word_1_9' title='bbox 749 419 822 478; x_wconf 72' lang='lat' dir='ltr'><strong>quae</strong></span> <span class='ocrx_word' id='word_1_10' title='bbox 838 405 1015 462; x_wconf 76' lang='lat' dir='ltr'><em>constructio</em></span> <span class='ocrx_word' id='word_1_11' title='bbox 1034 412 1136 480; x_wconf 82' lang='lat' dir='ltr'><strong>postea</strong></span> <span class='ocrx_word' id='word_1_12' title='bbox 1153 406 1225 463; x_wconf 83' lang='lat' dir='ltr'><strong>dnn·</strong></span> 
     </span>
     <span class='ocr_line' id='line_1_3' title="bbox 142 502 1224 587; baseline 0.007 -28"><span class='ocrx_word' id='word_1_13' title='bbox 142 503 193 559; x_wconf 83' lang='lat' dir='ltr'><strong>tus</strong></span> <span class='ocrx_word' id='word_1_14' title='bbox 225 502 297 560; x_wconf 81' lang='lat' dir='ltr'><strong>loeis</strong></span> <span class='ocrx_word' id='word_1_15' title='bbox 327 503 468 558; x_wconf 77' lang='lat' dir='ltr'><strong>recurrit‘</strong></span> <span class='ocrx_word' id='word_1_16' title='bbox 500 502 555 576; x_wconf 88' lang='lat' dir='ltr'><strong>(so.</strong></span> <span class='ocrx_word' id='word_1_17' title='bbox 579 506 681 560; x_wconf 88' lang='lat' dir='ltr'><strong>nostro</strong></span> <span class='ocrx_word' id='word_1_18' title='bbox 712 507 742 562; x_wconf 92' lang='lat' dir='ltr'><strong>et</strong></span> <span class='ocrx_word' id='word_1_19' title='bbox 771 503 803 561; x_wconf 90' lang='lat' dir='ltr'><strong>in</strong></span> <span class='ocrx_word' id='word_1_20' title='bbox 834 503 900 564; x_wconf 82' lang='lat' dir='ltr'><strong>vat.</strong></span> <span class='ocrx_word' id='word_1_21' title='bbox 925 504 987 581; x_wconf 81' lang='lat'>29).</span> <span class='ocrx_word' id='word_1_22' title='bbox 1034 504 1224 587; x_wconf 76' lang='lat' dir='ltr'><strong>Quamquam</strong></span> 
     </span>
     <span class='ocr_line' id='line_1_4' title="bbox 141 604 1223 685; baseline 0.007 -23"><span class='ocrx_word' id='word_1_23' title='bbox 141 611 243 664; x_wconf 87' lang='lat' dir='ltr'><strong>nostro</strong></span> <span class='ocrx_word' id='word_1_24' title='bbox 265 604 330 664; x_wconf 90' lang='lat' dir='ltr'><strong>loeo</strong></span> <span class='ocrx_word' id='word_1_25' title='bbox 354 624 414 662; x_wconf 92' lang='lat' dir='ltr'><strong>non</strong></span> <span class='ocrx_word' id='word_1_26' title='bbox 437 604 476 662; x_wconf 88' lang='lat' dir='ltr'><strong>sit</strong></span> <span class='ocrx_word' id='word_1_27' title='bbox 498 604 723 679; x_wconf 81' lang='lat' dir='ltr'><strong>neglegendum,</strong></span> <span class='ocrx_word' id='word_1_28' title='bbox 748 607 827 685; x_wconf 92' lang='lat' dir='ltr'><strong>quod</strong></span> <span class='ocrx_word' id='word_1_29' title='bbox 850 607 1074 669; x_wconf 89' lang='lat' dir='ltr'><strong>insolentiorem</strong></span> <span class='ocrx_word' id='word_1_30' title='bbox 1092 615 1223 670; x_wconf 87' lang='lat' dir='ltr'><strong>struatu-</strong></span> 
     </span>
     <span class='ocr_line' id='line_1_5' title="bbox 140 707 1223 786; baseline 0.006 -20"><span class='ocrx_word' id='word_1_31' title='bbox 140 727 202 766; x_wconf 89' lang='lat' dir='ltr'><strong>ram</strong></span> <span class='ocrx_word' id='word_1_32' title='bbox 235 709 361 767; x_wconf 84' lang='lat' dir='ltr'><strong>fortasse</strong></span> <span class='ocrx_word' id='word_1_33' title='bbox 396 707 647 782; x_wconf 79' lang='lat' dir='ltr'><strong>contrapositum:</strong></span> <span class='ocrx_word' id='word_1_34' title='bbox 683 710 741 781; x_wconf 86' lang='lat' dir='ltr'><strong>,ab</strong></span> <span class='ocrx_word' id='word_1_35' title='bbox 776 707 869 768; x_wconf 90' lang='lat' dir='ltr'><strong>aliis</strong></span> <span class='ocrx_word' id='word_1_36' title='bbox 903 710 1015 786; x_wconf 88' lang='lat' dir='ltr'><strong>posita,</strong></span> <span class='ocrx_word' id='word_1_37' title='bbox 1053 713 1096 770; x_wconf 92' lang='lat' dir='ltr'><strong>ab</strong></span> <span class='ocrx_word' id='word_1_38' title='bbox 1130 713 1223 772; x_wconf 87' lang='lat' dir='ltr'><strong>aliis</strong></span> 
     </span>
     <span class='ocr_line' id='line_1_6' title="bbox 143 809 1222 889; baseline 0.006 -21"><span class='ocrx_word' id='word_1_39' title='bbox 143 815 253 887; x_wconf 88' lang='lat' dir='ltr'><strong>erepta‘</strong></span> <span class='ocrx_word' id='word_1_40' title='bbox 268 810 376 870; x_wconf 78' lang='lat' dir='ltr'><strong>effecit.</strong></span> <span class='ocrx_word' id='word_1_41' title='bbox 405 811 504 868; x_wconf 79' lang='lat' dir='ltr'><strong>Adde:</strong></span> <span class='ocrx_word' id='word_1_42' title='bbox 529 809 544 888; x_wconf 64' lang='grc' dir='ltr'><strong>ς</strong></span> <span class='ocrx_word' id='word_1_43' title='bbox 563 815 599 868; x_wconf 87' lang='grc'><strong>19</strong></span> <span class='ocrx_word' id='word_1_44' title='bbox 615 811 820 883; x_wconf 83' lang='lat' dir='ltr'><strong>‚felicitati</strong></span> <span class='ocrx_word' id='word_1_45' title='bbox 837 813 1098 888; x_wconf 81' lang='lat' dir='ltr'><strong>gratulabere‘</strong></span> <span class='ocrx_word' id='word_1_46' title='bbox 1114 839 1159 866; x_wconf 88' lang='lat'>=</span> <span class='ocrx_word' id='word_1_47' title='bbox 1172 817 1222 889; x_wconf 91' lang='lat' dir='ltr'><strong>‚du</strong></span> 
     </span>
     <span class='ocr_line' id='line_1_7' title="bbox 140 894 1223 978; baseline 0.002 -4"><span class='ocrx_word' id='word_1_48' title='bbox 140 914 225 975; x_wconf 85' lang='lat' dir='ltr'><strong>wirst</strong></span> <span class='ocrx_word' id='word_1_49' title='bbox 247 915 292 972; x_wconf 86' lang='lat' dir='ltr'><strong>dir</strong></span> <span class='ocrx_word' id='word_1_50' title='bbox 314 935 351 972; x_wconf 86' lang='lat' dir='ltr'><strong>zu</strong></span> <span class='ocrx_word' id='word_1_51' title='bbox 374 894 490 972; x_wconf 76' lang='lat' dir='ltr'><strong>ieiuem</strong></span> <span class='ocrx_word' id='word_1_52' title='bbox 514 913 628 972; x_wconf 81' lang='lat' dir='ltr'><strong>Gliioke</strong></span> <span class='ocrx_word' id='word_1_53' title='bbox 652 913 749 972; x_wconf 79' lang='lat' dir='ltr'><strong>Gliiols</strong></span> <span class='ocrx_word' id='word_1_54' title='bbox 771 916 961 975; x_wconf 81' lang='lat' dir='ltr'><strong>wiinsehen‘:</strong></span> <span class='ocrx_word' id='word_1_55' title='bbox 987 917 1070 976; x_wconf 89' lang='lat' dir='ltr'><strong>ouius</strong></span> <span class='ocrx_word' id='word_1_56' title='bbox 1093 923 1223 978; x_wconf 84' lang='lat' dir='ltr'><strong>struatu-</strong></span> 
     </span>
     <span class='ocr_line' id='line_1_8' title="bbox 140 1016 1221 1097; baseline 0.005 -21"><span class='ocrx_word' id='word_1_57' title='bbox 140 1037 190 1076; x_wconf 89' lang='lat' dir='ltr'><strong>rae</strong></span> <span class='ocrx_word' id='word_1_58' title='bbox 213 1037 392 1097; x_wconf 88' lang='lat' dir='ltr'><strong>quamquam</strong></span> <span class='ocrx_word' id='word_1_59' title='bbox 414 1016 541 1077; x_wconf 87' lang='lat' dir='ltr'><strong>Wolfius</strong></span> <span class='ocrx_word' id='word_1_60' title='bbox 569 1036 629 1074; x_wconf 92' lang='lat' dir='ltr'><strong>non</strong></span> <span class='ocrx_word' id='word_1_61' title='bbox 660 1024 741 1076; x_wconf 86' lang='lat' dir='ltr'><strong>reete</strong></span> <span class='ocrx_word' id='word_1_62' title='bbox 771 1018 892 1077; x_wconf 90' lang='lat' dir='ltr'><strong>omnino</strong></span> <span class='ocrx_word' id='word_1_63' title='bbox 922 1038 986 1077; x_wconf 85' lang='lat' dir='ltr'><strong>eam</strong></span> <span class='ocrx_word' id='word_1_64' title='bbox 1010 1020 1147 1081; x_wconf 82' lang='lat' dir='ltr'><strong>Oieeroni</strong></span> <span class='ocrx_word' id='word_1_65' title='bbox 1171 1022 1221 1080; x_wconf 90' lang='lat' dir='ltr'><strong>ab·</strong></span> 
     </span>
     <span class='ocr_line' id='line_1_9' title="bbox 140 1119 1057 1196; baseline 0.004 -18"><span class='ocrx_word' id='word_1_66' title='bbox 140 1121 290 1193; x_wconf 82' lang='lat' dir='ltr'><strong>iudicavit,</strong></span> <span class='ocrx_word' id='word_1_67' title='bbox 315 1121 453 1196; x_wconf 86' lang='lat' dir='ltr'><strong>exempla</strong></span> <span class='ocrx_word' id='word_1_68' title='bbox 476 1119 558 1178; x_wconf 91' lang='lat' dir='ltr'><strong>nulla</strong></span> <span class='ocrx_word' id='word_1_69' title='bbox 579 1119 637 1178; x_wconf 90' lang='lat' dir='ltr'><strong>nisi</strong></span> <span class='ocrx_word' id='word_1_70' title='bbox 661 1139 699 1177; x_wconf 85' lang='lat' dir='ltr'><strong>ex</strong></span> <span class='ocrx_word' id='word_1_71' title='bbox 723 1120 859 1196; x_wconf 70' lang='lat' dir='ltr'><strong>epistulis</strong></span> <span class='ocrx_word' id='word_1_72' title='bbox 882 1123 1057 1182; x_wconf 87' lang='lat' dir='ltr'><strong>afferuntur.</strong></span> 
     </span>
    </p>

    <p class='ocr_par' dir='ltr' id='par_1_3' title="bbox 140 1221 1221 1593">
     <span class='ocr_line' id='line_1_10' title="bbox 226 1221 1219 1304; baseline 0.003 -23"><span class='ocrx_word' id='word_1_73' title='bbox 226 1221 300 1301; x_wconf 78' lang='lat'><strong>§25</strong></span> <span class='ocrx_word' id='word_1_74' title='bbox 323 1223 436 1296; x_wconf 87' lang='lat' dir='ltr'><strong>,oredo,</strong></span> <span class='ocrx_word' id='word_1_75' title='bbox 468 1224 518 1282; x_wconf 89' lang='lat' dir='ltr'><strong>sed</strong></span> <span class='ocrx_word' id='word_1_76' title='bbox 547 1230 625 1281; x_wconf 91' lang='lat' dir='ltr'><strong>tum</strong></span> <span class='ocrx_word' id='word_1_77' title='bbox 647 1223 683 1280; x_wconf 92' lang='lat' dir='ltr'><strong>id</strong></span> <span class='ocrx_word' id='word_1_78' title='bbox 707 1223 902 1297; x_wconf 87' lang='lat' dir='ltr'><strong>audirem‘,</strong></span> <span class='ocrx_word' id='word_1_79' title='bbox 934 1226 1014 1304; x_wconf 89' lang='lat' dir='ltr'><strong>quod</strong></span> <span class='ocrx_word' id='word_1_80' title='bbox 1044 1225 1123 1284; x_wconf 87' lang='lat' dir='ltr'><strong>idem</strong></span> <span class='ocrx_word' id='word_1_81' title='bbox 1155 1227 1219 1286; x_wconf 81' lang='lat' dir='ltr'><strong>fere</strong></span> 
     </span>
     <span class='ocr_line' id='line_1_11' title="bbox 140 1324 1220 1402; baseline 0.001 -15"><span class='ocrx_word' id='word_1_82' title='bbox 140 1327 289 1402; x_wconf 85' lang='lat' dir='ltr'><strong>signifieat</strong></span> <span class='ocrx_word' id='word_1_83' title='bbox 318 1346 352 1385; x_wconf 87' lang='lat' dir='ltr'><strong>aa</strong></span> <span class='ocrx_word' id='word_1_84' title='bbox 384 1324 558 1402; x_wconf 86' lang='lat' dir='ltr'><strong>‘probarem’</strong></span> <span class='ocrx_word' id='word_1_85' title='bbox 590 1331 621 1384; x_wconf 85' lang='lat' dir='ltr'><strong>et</strong></span> <span class='ocrx_word' id='word_1_86' title='bbox 650 1333 785 1384; x_wconf 89' lang='lat' dir='ltr'><strong>nostrum</strong></span> <span class='ocrx_word' id='word_1_87' title='bbox 814 1327 877 1398; x_wconf 86' lang='lat' dir='ltr'><strong>,das</strong></span> <span class='ocrx_word' id='word_1_88' title='bbox 907 1326 980 1386; x_wconf 67' lang='lat' dir='ltr'><strong>lasst</strong></span> <span class='ocrx_word' id='word_1_89' title='bbox 1011 1327 1075 1388; x_wconf 86' lang='lat' dir='ltr'><strong>siah</strong></span> <span class='ocrx_word' id='word_1_90' title='bbox 1107 1328 1220 1388; x_wconf 78' lang='lat' dir='ltr'><strong>hitten‘.</strong></span> 
     </span>
     <span class='ocr_line' id='line_1_12' title="bbox 142 1427 1221 1509; baseline 0.004 -22"><span class='ocrx_word' id='word_1_91' title='bbox 142 1430 222 1502; x_wconf 76' lang='lat' dir='ltr'><strong>Qirae</strong></span> <span class='ocrx_word' id='word_1_92' title='bbox 244 1430 372 1488; x_wconf 83' lang='lat' dir='ltr'><strong>formula</strong></span> <span class='ocrx_word' id='word_1_93' title='bbox 394 1428 467 1509; x_wconf 90' lang='lat' dir='ltr'><strong>quin</strong></span> <span class='ocrx_word' id='word_1_94' title='bbox 490 1449 529 1487; x_wconf 86' lang='lat' dir='ltr'><strong>ex</strong></span> <span class='ocrx_word' id='word_1_95' title='bbox 550 1427 689 1487; x_wconf 83' lang='lat' dir='ltr'><strong>familiari</strong></span> <span class='ocrx_word' id='word_1_96' title='bbox 713 1447 849 1488; x_wconf 82' lang='lat' dir='ltr'><strong>sermone</strong></span> <span class='ocrx_word' id='word_1_97' title='bbox 872 1429 912 1491; x_wconf 89' lang='lat' dir='ltr'><strong>sit</strong></span> <span class='ocrx_word' id='word_1_98' title='bbox 934 1435 1006 1503; x_wconf 88' lang='lat' dir='ltr'><strong>orta,</strong></span> <span class='ocrx_word' id='word_1_99' title='bbox 1030 1450 1118 1490; x_wconf 90' lang='lat' dir='ltr'><strong>nemo</strong></span> <span class='ocrx_word' id='word_1_100' title='bbox 1134 1432 1221 1491; x_wconf 89' lang='lat' dir='ltr'><strong>dubi·</strong></span> 
     </span>
     <span class='ocr_line' id='line_1_13' title="bbox 140 1532 226 1593; baseline 0.023 -2"><span class='ocrx_word' id='word_1_101' title='bbox 140 1532 226 1593; x_wconf 89' lang='lat' dir='ltr'><strong>tabit.</strong></span> 
     </span>
    </p>

    <p class='ocr_par' dir='ltr' id='par_1_4' title="bbox 131 1612 1223 2331">
     <span class='ocr_line' id='line_1_14' title="bbox 227 1612 1222 1714; baseline 0.003 -21"><span class='ocrx_word' id='word_1_102' title='bbox 227 1636 364 1713; x_wconf 89' lang='lat' dir='ltr'><strong>Denique</strong></span> <span class='ocrx_word' id='word_1_103' title='bbox 393 1612 640 1710; x_wconf 80' lang='lat' dir='ltr'><strong>praetereundum</strong></span> <span class='ocrx_word' id='word_1_104' title='bbox 671 1654 730 1693; x_wconf 90' lang='lat' dir='ltr'><strong>non</strong></span> <span class='ocrx_word' id='word_1_105' title='bbox 761 1635 814 1707; x_wconf 88' lang='lat' dir='ltr'><strong>sit,</strong></span> <span class='ocrx_word' id='word_1_106' title='bbox 848 1636 926 1713; x_wconf 91' lang='lat' dir='ltr'><strong>quod</strong></span> <span class='ocrx_word' id='word_1_107' title='bbox 956 1634 973 1714; x_wconf 71' lang='lat' dir='ltr'>S</span> <span class='ocrx_word' id='word_1_108' title='bbox 996 1640 1035 1693; x_wconf 80' lang='lat'><strong>32</strong></span> <span class='ocrx_word' id='word_1_109' title='bbox 1064 1636 1222 1697; x_wconf 83' lang='lat' dir='ltr'><strong>invenitur</strong></span> 
     </span>
     <span class='ocr_line' id='line_1_15' title="bbox 141 1731 1221 1819; baseline 0.002 -22"><span class='ocrx_word' id='word_1_110' title='bbox 141 1739 359 1798; x_wconf 88' lang='lat' dir='ltr'><strong>substantivum</strong></span> <span class='ocrx_word' id='word_1_111' title='bbox 382 1737 610 1814; x_wconf 84' lang='lat' dir='ltr'><strong>,oppositus‘</strong></span> <span class='ocrx_word' id='word_1_112' title='bbox 632 1738 709 1813; x_wconf 87' lang='lat' dir='ltr'><strong>apud</strong></span> <span class='ocrx_word' id='word_1_113' title='bbox 734 1738 907 1797; x_wconf 73' lang='lat' dir='ltr'><strong>Ciceronem</strong></span> <span class='ocrx_word' id='word_1_114' title='bbox 930 1737 1051 1817; x_wconf 87' lang='lat' dir='ltr'><strong>quidem</strong></span> <span class='ocrx_word' id='word_1_115' title='bbox 1074 1731 1127 1798; x_wconf 70' lang='lat' dir='ltr'><strong>ts.</strong></span> <span class='ocrx_word' id='word_1_116' title='bbox 1144 1741 1221 1819; x_wconf 69' lang='lat' dir='ltr'><strong>top:</strong></span> 
     </span>
     <span class='ocr_line' id='line_1_16' title="bbox 141 1840 1221 1919; baseline 0.002 -18"><span class='ocrx_word' id='word_1_117' title='bbox 141 1843 191 1901; x_wconf 90' lang='lat' dir='ltr'><strong>sed</strong></span> <span class='ocrx_word' id='word_1_118' title='bbox 214 1842 282 1902; x_wconf 88' lang='lat' dir='ltr'><strong>vide</strong></span> <span class='ocrx_word' id='word_1_119' title='bbox 306 1860 381 1919; x_wconf 87' lang='lat' dir='ltr'><strong>qnae</strong></span> <span class='ocrx_word' id='word_1_120' title='bbox 410 1841 475 1917; x_wconf 90' lang='lat' dir='ltr'><strong>ipse</strong></span> <span class='ocrx_word' id='word_1_121' title='bbox 498 1840 625 1899; x_wconf 90' lang='lat' dir='ltr'><strong>Wolfius</strong></span> <span class='ocrx_word' id='word_1_122' title='bbox 648 1840 684 1898; x_wconf 86' lang='lat' dir='ltr'><strong>de</strong></span> <span class='ocrx_word' id='word_1_123' title='bbox 706 1841 763 1899; x_wconf 88' lang='lat' dir='ltr'><strong>hoe</strong></span> <span class='ocrx_word' id='word_1_124' title='bbox 785 1841 972 1901; x_wconf 86' lang='lat' dir='ltr'><strong>substantivo</strong></span> <span class='ocrx_word' id='word_1_125' title='bbox 1003 1842 1142 1903; x_wconf 86' lang='lat' dir='ltr'><strong>adnotat:</strong></span> <span class='ocrx_word' id='word_1_126' title='bbox 1175 1844 1221 1914; x_wconf 82' lang='lat' dir='ltr'><strong>,la</strong></span> 
     </span>
     <span class='ocr_line' id='line_1_17' title="bbox 141 1943 1223 2026; baseline 0.002 -25"><span class='ocrx_word' id='word_1_127' title='bbox 141 1944 250 2013; x_wconf 65' lang='lat' dir='ltr'><strong>norbet,</strong></span> <span class='ocrx_word' id='word_1_128' title='bbox 283 1943 384 2022; x_wconf 79' lang='lat' dir='ltr'><strong>que&#39;bns</strong></span> <span class='ocrx_word' id='word_1_129' title='bbox 414 1947 508 2020; x_wconf 78' lang='lat' dir='ltr'><strong>turpis</strong></span> <span class='ocrx_word' id='word_1_130' title='bbox 538 1945 679 2002; x_wconf 70' lang='lat' dir='ltr'><strong>sortientia</strong></span> <span class='ocrx_word' id='word_1_131' title='bbox 701 1945 894 2020; x_wconf 64' lang='lat' dir='ltr'><strong>reprimitur,</strong></span> <span class='ocrx_word' id='word_1_132' title='bbox 929 1963 965 2002; x_wconf 81' lang='lat' dir='ltr'><strong>aa</strong></span> <span class='ocrx_word' id='word_1_133' title='bbox 985 1964 1065 2022; x_wconf 77' lang='lat' dir='ltr'><strong>picam</strong></span> <span class='ocrx_word' id='word_1_134' title='bbox 1089 1944 1223 2026; x_wconf 75' lang='lat' dir='ltr'><strong>offiadot</strong></span> 
     </span>
     <span class='ocr_line' id='line_1_18' title="bbox 140 2039 1223 2124; baseline 0.002 -19"><span class='ocrx_word' id='word_1_135' title='bbox 140 2039 222 2118; x_wconf 74' lang='grc' dir='ltr'><strong>ἅπαξ</strong></span> <span class='ocrx_word' id='word_1_136' title='bbox 240 2041 397 2124; x_wconf 81' lang='grc' dir='ltr'><em>λεγόμενον</em></span> <span class='ocrx_word' id='word_1_137' title='bbox 414 2049 569 2124; x_wconf 80' lang='lat' dir='ltr'><strong>appositus,</strong></span> <span class='ocrx_word' id='word_1_138' title='bbox 596 2048 663 2123; x_wconf 83' lang='lat' dir='ltr'><strong>quin</strong></span> <span class='ocrx_word' id='word_1_139' title='bbox 681 2047 735 2104; x_wconf 82' lang='lat' dir='ltr'><strong>hos</strong></span> <span class='ocrx_word' id='word_1_140' title='bbox 748 2046 861 2123; x_wconf 75' lang='lat' dir='ltr'><strong>forinas</strong></span> <span class='ocrx_word' id='word_1_141' title='bbox 878 2046 1080 2106; x_wconf 80' lang='lat' dir='ltr'><strong>vocabulorum</strong></span> <span class='ocrx_word' id='word_1_142' title='bbox 1098 2051 1223 2107; x_wconf 68' lang='lat' dir='ltr'><strong>mansne</strong></span> 
     </span>
     <span class='ocr_line' id='line_1_19' title="bbox 131 2150 1223 2230; baseline 0.001 -21"><span class='ocrx_word' id='word_1_143' title='bbox 131 2150 331 2230; x_wconf 75' lang='lat' dir='ltr'><strong>frequentavi!</strong></span> <span class='ocrx_word' id='word_1_144' title='bbox 346 2160 484 2227; x_wconf 79' lang='lat' dir='ltr'><strong>argentea</strong></span> <span class='ocrx_word' id='word_1_145' title='bbox 500 2159 598 2208; x_wconf 82' lang='lat' dir='ltr'><strong>oetas:</strong></span> <span class='ocrx_word' id='word_1_146' title='bbox 624 2151 685 2207; x_wconf 80' lang='lat' dir='ltr'><strong>vin</strong></span> <span class='ocrx_word' id='word_1_147' title='bbox 707 2151 890 2227; x_wconf 79' lang='lat' dir='ltr'><strong>aptiorem</strong></span> <span class='ocrx_word' id='word_1_148' title='bbox 915 2168 1031 2207; x_wconf 78' lang='lat' dir='ltr'><strong>nonem</strong></span> <span class='ocrx_word' id='word_1_149' title='bbox 1055 2151 1085 2209; x_wconf 77' lang='grc' dir='ltr'><strong>Ιι.</strong></span> <span class='ocrx_word' id='word_1_150' title='bbox 1099 2150 1120 2209; x_wconf 90' lang='lat' dir='ltr'><strong>l.</strong></span> <span class='ocrx_word' id='word_1_151' title='bbox 1144 2154 1223 2230; x_wconf 79' lang='lat' dir='ltr'><strong>ipse</strong></span> 
     </span>
     <span class='ocr_line' id='line_1_20' title="bbox 142 2252 778 2331; baseline -0.003 -19"><span class='ocrx_word' id='word_1_152' title='bbox 142 2257 277 2312; x_wconf 79' lang='lat' dir='ltr'><strong>Cicero</strong></span> <span class='ocrx_word' id='word_1_153' title='bbox 301 2256 528 2331; x_wconf 79' lang='lat' dir='ltr'><strong>inpromptu</strong></span> <span class='ocrx_word' id='word_1_154' title='bbox 551 2252 778 2311; x_wconf 62' lang='lat' dir='ltr'><strong>habuisset!</strong></span> 
     </span>
    </p>

    <p class='ocr_par' dir='ltr' id='par_1_5' title="bbox 225 2353 815 2434">
     <span class='ocr_line' id='line_1_21' title="bbox 225 2353 815 2434; baseline -0.007 -17"><span class='ocrx_word' id='word_1_155' title='bbox 225 2359 379 2417; x_wconf 89' lang='lat' dir='ltr'><strong>Postremo</strong></span> <span class='ocrx_word' id='word_1_156' title='bbox 402 2357 451 2415; x_wconf 87' lang='lat' dir='ltr'><strong>hia</strong></span> <span class='ocrx_word' id='word_1_157' title='bbox 474 2375 698 2415; x_wconf 79' lang='lat' dir='ltr'><strong>commemorem</strong></span> <span class='ocrx_word' id='word_1_158' title='bbox 725 2353 740 2434; x_wconf 64' lang='grc' dir='ltr'>ξ</span> <span class='ocrx_word' id='word_1_159' title='bbox 763 2355 797 2413; x_wconf 82' lang='grc'><strong>17</strong></span> <span class='ocrx_word' id='word_1_160' title='bbox 807 2377 815 2414; x_wconf 85' lang='lat'>:</span> 
     </span>
    </p>

    <p class='ocr_par' dir='ltr' id='par_1_6' title="bbox 140 2457 1222 3262">
     <span class='ocr_line' id='line_1_22' title="bbox 224 2457 1222 2540; baseline 0.002 -22"><span class='ocrx_word' id='word_1_161' title='bbox 224 2461 354 2537; x_wconf 80' lang='lat' dir='ltr'><strong>gladium</strong></span> <span class='ocrx_word' id='word_1_162' title='bbox 386 2479 425 2516; x_wconf 86' lang='lat' dir='ltr'><strong>no</strong></span> <span class='ocrx_word' id='word_1_163' title='bbox 431 2462 475 2535; x_wconf 79' lang='lat' dir='ltr'><strong>gi</strong></span> <span class='ocrx_word' id='word_1_164' title='bbox 483 2479 526 2516; x_wconf 85' lang='lat' dir='ltr'><strong>uo</strong></span> <span class='ocrx_word' id='word_1_165' title='bbox 556 2478 711 2517; x_wconf 73' lang='lat' dir='ltr'><strong>anausim</strong></span> <span class='ocrx_word' id='word_1_166' title='bbox 744 2461 773 2516; x_wconf 78' lang='lat' dir='ltr'><strong>in</strong></span> <span class='ocrx_word' id='word_1_167' title='bbox 796 2457 866 2516; x_wconf 82' lang='lat' dir='ltr'><strong>urbe</strong></span> <span class='ocrx_word' id='word_1_168' title='bbox 893 2478 948 2517; x_wconf 85' lang='lat' dir='ltr'><strong>noa</strong></span> <span class='ocrx_word' id='word_1_169' title='bbox 971 2460 1110 2518; x_wconf 75' lang='lat' dir='ltr'><strong>vellimus:</strong></span> <span class='ocrx_word' id='word_1_170' title='bbox 1144 2478 1222 2540; x_wconf 86' lang='lat' dir='ltr'><strong>quae</strong></span> 
     </span>
     <span class='ocr_line' id='line_1_23' title="bbox 140 2561 1220 2640; baseline -0.001 -16"><span class='ocrx_word' id='word_1_171' title='bbox 140 2564 250 2624; x_wconf 88' lang='lat' dir='ltr'><strong>loeutio</strong></span> <span class='ocrx_word' id='word_1_172' title='bbox 279 2563 368 2621; x_wconf 87' lang='lat' dir='ltr'><strong>nimis</strong></span> <span class='ocrx_word' id='word_1_173' title='bbox 395 2563 459 2620; x_wconf 80' lang='lat' dir='ltr'><strong>fere</strong></span> <span class='ocrx_word' id='word_1_174' title='bbox 487 2568 604 2638; x_wconf 88' lang='lat' dir='ltr'><strong>eaptata</strong></span> <span class='ocrx_word' id='word_1_175' title='bbox 632 2562 751 2621; x_wconf 85' lang='lat' dir='ltr'><strong>videtur</strong></span> <span class='ocrx_word' id='word_1_176' title='bbox 780 2566 811 2620; x_wconf 86' lang='lat' dir='ltr'><strong>et</strong></span> <span class='ocrx_word' id='word_1_177' title='bbox 833 2561 976 2640; x_wconf 85' lang='lat' dir='ltr'><strong>quaesita.</strong></span> <span class='ocrx_word' id='word_1_178' title='bbox 1021 2562 1098 2620; x_wconf 86' lang='lat' dir='ltr'><strong>Nam</strong></span> <span class='ocrx_word' id='word_1_179' title='bbox 1120 2567 1156 2622; x_wconf 91' lang='lat' dir='ltr'><strong>ut</strong></span> <span class='ocrx_word' id='word_1_180' title='bbox 1176 2567 1220 2623; x_wconf 89' lang='lat' dir='ltr'><strong>ta·</strong></span> 
     </span>
     <span class='ocr_line' id='line_1_24' title="bbox 140 2664 1221 2743; baseline -0.001 -17"><span class='ocrx_word' id='word_1_181' title='bbox 140 2687 221 2726; x_wconf 88' lang='lat' dir='ltr'><strong>eeam</strong></span> <span class='ocrx_word' id='word_1_182' title='bbox 246 2671 392 2725; x_wconf 89' lang='lat' dir='ltr'><strong>oratorem</strong></span> <span class='ocrx_word' id='word_1_183' title='bbox 422 2665 498 2722; x_wconf 88' lang='lat' dir='ltr'><strong>nihil</strong></span> <span class='ocrx_word' id='word_1_184' title='bbox 520 2664 599 2722; x_wconf 91' lang='lat' dir='ltr'><strong>aliud</strong></span> <span class='ocrx_word' id='word_1_185' title='bbox 624 2665 678 2723; x_wconf 83' lang='lat' dir='ltr'><strong>hae</strong></span> <span class='ocrx_word' id='word_1_186' title='bbox 700 2664 832 2722; x_wconf 79' lang='lat' dir='ltr'><strong>indicare</strong></span> <span class='ocrx_word' id='word_1_187' title='bbox 854 2684 942 2743; x_wconf 88' lang='lat' dir='ltr'><strong>quam</strong></span> <span class='ocrx_word' id='word_1_188' title='bbox 971 2665 1221 2741; x_wconf 77' lang='lat' dir='ltr'><strong>proscriptionem</strong></span> 
     </span>
     <span class='ocr_line' id='line_1_25' title="bbox 140 2764 1221 2846; baseline 0 -17"><span class='ocrx_word' id='word_1_189' title='bbox 140 2771 252 2829; x_wconf 83' lang='lat' dir='ltr'><strong>nnllam</strong></span> <span class='ocrx_word' id='word_1_190' title='bbox 269 2769 370 2842; x_wconf 85' lang='lat' dir='ltr'><strong>fuisse,</strong></span> <span class='ocrx_word' id='word_1_191' title='bbox 394 2769 425 2827; x_wconf 90' lang='lat' dir='ltr'><strong>in</strong></span> <span class='ocrx_word' id='word_1_192' title='bbox 448 2768 514 2845; x_wconf 88' lang='lat' dir='ltr'><strong>ipso</strong></span> <span class='ocrx_word' id='word_1_193' title='bbox 537 2767 589 2826; x_wconf 89' lang='lat' dir='ltr'><strong>illo</strong></span> <span class='ocrx_word' id='word_1_194' title='bbox 606 2767 743 2840; x_wconf 85' lang='lat' dir='ltr'><strong>eligendo</strong></span> <span class='ocrx_word' id='word_1_195' title='bbox 760 2766 905 2827; x_wconf 82' lang='lat' dir='ltr'><strong>venabulo</strong></span> <span class='ocrx_word' id='word_1_196' title='bbox 929 2764 1058 2827; x_wconf 85' lang='lat' dir='ltr'><strong>‘vannus&#39;</strong></span> <span class='ocrx_word' id='word_1_197' title='bbox 1080 2787 1136 2844; x_wconf 88' lang='lat' dir='ltr'><strong>pro</strong></span> <span class='ocrx_word' id='word_1_198' title='bbox 1152 2787 1221 2846; x_wconf 84' lang='lat' dir='ltr'><strong>par·</strong></span> 
     </span>
     <span class='ocr_line' id='line_1_26' title="bbox 140 2866 1221 2949; baseline -0.004 -15"><span class='ocrx_word' id='word_1_199' title='bbox 140 2873 261 2949; x_wconf 77' lang='lat' dir='ltr'><strong>vulgato</strong></span> <span class='ocrx_word' id='word_1_200' title='bbox 285 2867 437 2944; x_wconf 85' lang='lat' dir='ltr'><strong>‘strietue’‚</strong></span> <span class='ocrx_word' id='word_1_201' title='bbox 462 2866 605 2930; x_wconf 87' lang='lat' dir='ltr'><strong>‘nudatus’</strong></span> <span class='ocrx_word' id='word_1_202' title='bbox 629 2870 677 2930; x_wconf 88' lang='lat' dir='ltr'><strong>vel</strong></span> <span class='ocrx_word' id='word_1_203' title='bbox 700 2869 790 2929; x_wconf 87' lang='lat' dir='ltr'><strong>simili</strong></span> <span class='ocrx_word' id='word_1_204' title='bbox 814 2869 964 2945; x_wconf 85' lang='lat' dir='ltr'><strong>insignius</strong></span> <span class='ocrx_word' id='word_1_205' title='bbox 987 2869 1127 2948; x_wconf 86' lang='lat' dir='ltr'><strong>quiddam</strong></span> <span class='ocrx_word' id='word_1_206' title='bbox 1150 2869 1221 2930; x_wconf 76' lang='lat' dir='ltr'><strong>Tul·</strong></span> 
     </span>
     <span class='ocr_line' id='line_1_27' title="bbox 140 2972 1221 3053; baseline -0.001 -18"><span class='ocrx_word' id='word_1_207' title='bbox 140 2978 213 3035; x_wconf 88' lang='lat' dir='ltr'><strong>lium</strong></span> <span class='ocrx_word' id='word_1_208' title='bbox 235 2976 416 3053; x_wconf 79' lang='lat' dir='ltr'><strong>appetivisse</strong></span> <span class='ocrx_word' id='word_1_209' title='bbox 440 2975 511 3033; x_wconf 86' lang='lat' dir='ltr'><strong>mihi</strong></span> <span class='ocrx_word' id='word_1_210' title='bbox 536 2975 630 3034; x_wconf 88' lang='lat' dir='ltr'><strong>habeo</strong></span> <span class='ocrx_word' id='word_1_211' title='bbox 654 2993 837 3050; x_wconf 88' lang='lat' dir='ltr'><strong>persuasum.</strong></span> <span class='ocrx_word' id='word_1_212' title='bbox 882 2972 970 3032; x_wconf 86' lang='lat' dir='ltr'><strong>Valet</strong></span> <span class='ocrx_word' id='word_1_213' title='bbox 984 2972 1063 3031; x_wconf 91' lang='lat' dir='ltr'><strong>enim</strong></span> <span class='ocrx_word' id='word_1_214' title='bbox 1084 2972 1116 3031; x_wconf 88' lang='lat' dir='ltr'><strong>ni</strong></span> <span class='ocrx_word' id='word_1_215' title='bbox 1130 2973 1221 3035; x_wconf 87' lang='lat' dir='ltr'><strong>fallor</strong></span> 
     </span>
     <span class='ocr_line' id='line_1_28' title="bbox 140 3075 1220 3158; baseline 0 -21"><span class='ocrx_word' id='word_1_216' title='bbox 140 3080 196 3138; x_wconf 89' lang='lat' dir='ltr'><strong>hoa</strong></span> <span class='ocrx_word' id='word_1_217' title='bbox 220 3079 395 3139; x_wconf 79' lang='lat' dir='ltr'><strong>vocabulum</strong></span> <span class='ocrx_word' id='word_1_218' title='bbox 425 3098 483 3136; x_wconf 93' lang='lat' dir='ltr'><strong>non</strong></span> <span class='ocrx_word' id='word_1_219' title='bbox 514 3084 573 3137; x_wconf 88' lang='lat' dir='ltr'><strong>tam</strong></span> <span class='ocrx_word' id='word_1_220' title='bbox 604 3078 682 3136; x_wconf 90' lang='lat' dir='ltr'><strong>idem</strong></span> <span class='ocrx_word' id='word_1_221' title='bbox 706 3079 784 3156; x_wconf 90' lang='lat' dir='ltr'><strong>quod</strong></span> <span class='ocrx_word' id='word_1_222' title='bbox 816 3083 949 3136; x_wconf 89' lang='lat' dir='ltr'><strong>nostrum</strong></span> <span class='ocrx_word' id='word_1_223' title='bbox 974 3075 1096 3150; x_wconf 88' lang='lat' dir='ltr'><strong>‘leer&#39;,</strong></span> <span class='ocrx_word' id='word_1_224' title='bbox 1129 3096 1220 3158; x_wconf 90' lang='lat' dir='ltr'><strong>quam</strong></span> 
     </span>
     <span class='ocr_line' id='line_1_29' title="bbox 141 3178 1217 3262; baseline -0.003 -21"><span class='ocrx_word' id='word_1_225' title='bbox 141 3183 219 3262; x_wconf 88' lang='lat' dir='ltr'><strong>quod</strong></span> <span class='ocrx_word' id='word_1_226' title='bbox 242 3181 385 3257; x_wconf 84' lang='lat' dir='ltr'><strong>‘ledig&#39;‚</strong></span> <span class='ocrx_word' id='word_1_227' title='bbox 410 3178 543 3253; x_wconf 78' lang='lat' dir='ltr'><strong>‘belreit&#39;,</strong></span> <span class='ocrx_word' id='word_1_228' title='bbox 568 3199 659 3260; x_wconf 89' lang='lat' dir='ltr'><strong>quare</strong></span> <span class='ocrx_word' id='word_1_229' title='bbox 681 3181 903 3255; x_wconf 77' lang='lat' dir='ltr'><strong>coniunguntur</strong></span> <span class='ocrx_word' id='word_1_230' title='bbox 925 3184 1043 3238; x_wconf 82' lang='lat' dir='ltr'><strong>‘naeuus</strong></span> <span class='ocrx_word' id='word_1_231' title='bbox 1062 3179 1217 3257; x_wconf 59' lang='lat' dir='ltr'><strong>pedania,</strong></span> 
     </span>
    </p>
   </div>
   <div class='ocr_carea' id='block_1_3' title="bbox 141 3282 1222 3776">
    <p class='ocr_par' dir='ltr' id='par_1_7' title="bbox 141 3282 1222 3776">
     <span class='ocr_line' id='line_1_30' title="bbox 141 3282 1222 3365; baseline 0.001 -23"><span class='ocrx_word' id='word_1_232' title='bbox 141 3290 174 3345; x_wconf 81' lang='lat' dir='ltr'><strong>‘u</strong></span> <span class='ocrx_word' id='word_1_233' title='bbox 200 3283 304 3356; x_wconf 52' lang='lat' dir='ltr'><strong>euris,</strong></span> <span class='ocrx_word' id='word_1_234' title='bbox 331 3305 389 3365; x_wconf 91' lang='lat' dir='ltr'><strong>quo</strong></span> <span class='ocrx_word' id='word_1_235' title='bbox 412 3286 516 3343; x_wconf 88' lang='lat' dir='ltr'><strong>eodem</strong></span> <span class='ocrx_word' id='word_1_236' title='bbox 539 3283 671 3360; x_wconf 85' lang='lat' dir='ltr'><strong>pertinet</strong></span> <span class='ocrx_word' id='word_1_237' title='bbox 693 3283 846 3343; x_wconf 87' lang='lat' dir='ltr'><strong>absolutus</strong></span> <span class='ocrx_word' id='word_1_238' title='bbox 868 3283 956 3342; x_wconf 89' lang='lat' dir='ltr'><strong>huius</strong></span> <span class='ocrx_word' id='word_1_239' title='bbox 977 3282 1061 3343; x_wconf 83' lang='lat' dir='ltr'><strong>vonis</strong></span> <span class='ocrx_word' id='word_1_240' title='bbox 1082 3303 1154 3344; x_wconf 83' lang='lat' dir='ltr'><strong>usus</strong></span> <span class='ocrx_word' id='word_1_241' title='bbox 1176 3308 1222 3336; x_wconf 61' lang='lat' dir='ltr'><strong>a</strong></span> 
     </span>
     <span class='ocr_line' id='line_1_31' title="bbox 141 3385 1220 3463; baseline -0.003 -14"><span class='ocrx_word' id='word_1_242' title='bbox 141 3390 271 3462; x_wconf 88' lang='lat' dir='ltr'><strong>otiosus,</strong></span> <span class='ocrx_word' id='word_1_243' title='bbox 302 3407 340 3446; x_wconf 93' lang='lat' dir='ltr'><strong>ne</strong></span> <span class='ocrx_word' id='word_1_244' title='bbox 362 3388 457 3448; x_wconf 90' lang='lat' dir='ltr'><strong>multa</strong></span> <span class='ocrx_word' id='word_1_245' title='bbox 485 3388 623 3447; x_wconf 87' lang='lat' dir='ltr'><strong>lubenter</strong></span> <span class='ocrx_word' id='word_1_246' title='bbox 647 3387 793 3446; x_wconf 88' lang='lat' dir='ltr'><strong>derebus</strong></span> <span class='ocrx_word' id='word_1_247' title='bbox 816 3385 949 3446; x_wconf 81' lang='lat' dir='ltr'><strong>molestis</strong></span> <span class='ocrx_word' id='word_1_248' title='bbox 977 3391 1155 3463; x_wconf 87' lang='lat' dir='ltr'><strong>usurpatur,</strong></span> <span class='ocrx_word' id='word_1_249' title='bbox 1185 3390 1220 3446; x_wconf 91' lang='lat' dir='ltr'><strong>nt</strong></span> 
     </span>
     <span class='ocr_line' id='line_1_32' title="bbox 141 3488 1219 3570; baseline -0.004 -18"><span class='ocrx_word' id='word_1_250' title='bbox 141 3494 217 3570; x_wconf 91' lang='lat' dir='ltr'><strong>apud</strong></span> <span class='ocrx_word' id='word_1_251' title='bbox 241 3498 375 3552; x_wconf 89' lang='lat' dir='ltr'><strong>nostrum</strong></span> <span class='ocrx_word' id='word_1_252' title='bbox 398 3492 483 3552; x_wconf 83' lang='lat' dir='ltr'><strong>Verr.</strong></span> <span class='ocrx_word' id='word_1_253' title='bbox 497 3492 550 3564; x_wconf 90' lang='lat' dir='ltr'><strong>IV,</strong></span> <span class='ocrx_word' id='word_1_254' title='bbox 569 3496 617 3563; x_wconf 89' lang='lat'><strong>10,</strong></span> <span class='ocrx_word' id='word_1_255' title='bbox 636 3496 688 3564; x_wconf 78' lang='lat'><strong>23,</strong></span> <span class='ocrx_word' id='word_1_256' title='bbox 716 3490 774 3548; x_wconf 78' lang='lat' dir='ltr'><strong>sali</strong></span> <span class='ocrx_word' id='word_1_257' title='bbox 797 3531 803 3546; x_wconf 92' lang='lat'>.</span> <span class='ocrx_word' id='word_1_258' title='bbox 824 3531 855 3547; x_wconf 89' lang='lat'><strong>..</strong></span> <span class='ocrx_word' id='word_1_259' title='bbox 881 3489 927 3547; x_wconf 79' lang='lat' dir='ltr'><strong>tis</strong></span> <span class='ocrx_word' id='word_1_260' title='bbox 949 3488 1059 3566; x_wconf 55' lang='lat' dir='ltr'><strong>quodem</strong></span> <span class='ocrx_word' id='word_1_261' title='bbox 1083 3490 1219 3567; x_wconf 63' lang='lat' dir='ltr'><strong>resumat</strong></span> 
     </span>
     <span class='ocr_line' id='line_1_33' title="bbox 141 3592 1219 3670; baseline -0.001 -17"><span class='ocrx_word' id='word_1_262' title='bbox 141 3596 192 3654; x_wconf 82' lang='lat' dir='ltr'><strong>bns</strong></span> <span class='ocrx_word' id='word_1_263' title='bbox 214 3599 243 3654; x_wconf 80' lang='lat' dir='ltr'><strong>iu</strong></span> <span class='ocrx_word' id='word_1_264' title='bbox 267 3598 346 3654; x_wconf 78' lang='lat' dir='ltr'><strong>omui</strong></span> <span class='ocrx_word' id='word_1_265' title='bbox 366 3595 434 3653; x_wconf 79' lang='lat' dir='ltr'><strong>arbe</strong></span> <span class='ocrx_word' id='word_1_266' title='bbox 457 3605 599 3652; x_wconf 74' lang='lat' dir='ltr'><strong>terrorum</strong></span> <span class='ocrx_word' id='word_1_267' title='bbox 622 3614 711 3652; x_wconf 83' lang='lat' dir='ltr'><strong>naeu</strong></span> <span class='ocrx_word' id='word_1_268' title='bbox 720 3597 747 3663; x_wconf 84' lang='lat' dir='ltr'><strong>i,</strong></span> <span class='ocrx_word' id='word_1_269' title='bbox 781 3603 928 3670; x_wconf 74' lang='lat' dir='ltr'><strong>expertes,</strong></span> <span class='ocrx_word' id='word_1_270' title='bbox 961 3592 1084 3651; x_wconf 80' lang='lat' dir='ltr'><strong>soluti</strong></span> <span class='ocrx_word' id='word_1_271' title='bbox 1103 3611 1146 3650; x_wconf 83' lang='lat' dir='ltr'><strong>aa</strong></span> <span class='ocrx_word' id='word_1_272' title='bbox 1168 3594 1219 3653; x_wconf 78' lang='lat' dir='ltr'><strong>ts·-</strong></span> 
     </span>
     <span class='ocr_line' id='line_1_34' title="bbox 142 3695 1219 3776; baseline 0.001 -20"><span class='ocrx_word' id='word_1_273' title='bbox 142 3697 272 3758; x_wconf 78' lang='lat' dir='ltr'><strong>leriob</strong></span> <span class='ocrx_word' id='word_1_274' title='bbox 288 3702 541 3776; x_wconf 64' lang='lat' dir='ltr'><strong>sanissimis,</strong></span> <span class='ocrx_word' id='word_1_275' title='bbox 562 3698 754 3767; x_wconf 80' lang='lat' dir='ltr'><strong>molestia,</strong></span> <span class='ocrx_word' id='word_1_276' title='bbox 774 3695 1017 3775; x_wconf 73' lang='lat' dir='ltr'><strong>saunere²4⁸).</strong></span> <span class='ocrx_word' id='word_1_277' title='bbox 1049 3695 1099 3756; x_wconf 82' lang='lat' dir='ltr'><strong>Sie</strong></span> <span class='ocrx_word' id='word_1_278' title='bbox 1114 3701 1219 3757; x_wconf 62' lang='lat' dir='ltr'><strong>nosne</strong></span> 
     </span>
    </p>
   </div>
   <div class='ocr_carea' id='block_1_4' title="bbox 141 3821 344 3828">
    <p class='ocr_par' dir='ltr' id='par_1_8' title="bbox 141 3821 344 3828">
     <span class='ocr_line' id='line_1_35' title="bbox 141 3821 344 3828; baseline -0.005 0"><span class='ocrx_word' id='word_1_279' title='bbox 141 3821 344 3828; x_wconf 78' lang='lat'>——-..—-....—</span> 
     </span>
    </p>
   </div>
   <div class='ocr_carea' id='block_1_5' title="bbox 140 3865 1218 4193">
    <p class='ocr_par' dir='ltr' id='par_1_9' title="bbox 140 3865 1218 4193">
     <span class='ocr_line' id='line_1_36' title="bbox 213 3865 1218 3935; baseline -0.006 -15"><span class='ocrx_word' id='word_1_280' title='bbox 213 3871 271 3935; x_wconf 80' lang='lat'>148)</span> <span class='ocrx_word' id='word_1_281' title='bbox 290 3873 354 3932; x_wconf 76' lang='lat' dir='ltr'><strong>Apte</strong></span> <span class='ocrx_word' id='word_1_282' title='bbox 372 3872 389 3919; x_wconf 86' lang='lat' dir='ltr'><strong>ii</strong></span> <span class='ocrx_word' id='word_1_283' title='bbox 408 3884 505 3930; x_wconf 86' lang='lat' dir='ltr'><strong>quoque</strong></span> <span class='ocrx_word' id='word_1_284' title='bbox 523 3872 554 3918; x_wconf 88' lang='lat' dir='ltr'><strong>ad</strong></span> <span class='ocrx_word' id='word_1_285' title='bbox 572 3869 780 3930; x_wconf 81' lang='lat' dir='ltr'><strong>comparationem</strong></span> <span class='ocrx_word' id='word_1_286' title='bbox 806 3868 939 3915; x_wconf 78' lang='lat' dir='ltr'><strong>afferantur</strong></span> <span class='ocrx_word' id='word_1_287' title='bbox 956 3867 1019 3925; x_wconf 83' lang='lat' dir='ltr'><strong>loni,</strong></span> <span class='ocrx_word' id='word_1_288' title='bbox 1045 3865 1088 3913; x_wconf 86' lang='lat' dir='ltr'><strong>ubi</strong></span> <span class='ocrx_word' id='word_1_289' title='bbox 1105 3880 1157 3914; x_wconf 83' lang='lat' dir='ltr'><strong>vox</strong></span> <span class='ocrx_word' id='word_1_290' title='bbox 1173 3880 1218 3914; x_wconf 82' lang='lat' dir='ltr'><strong>va·</strong></span> 
     </span>
     <span class='ocr_line' id='line_1_37' title="bbox 140 3952 1218 4018; baseline -0.005 -12"><span class='ocrx_word' id='word_1_291' title='bbox 140 3973 200 4006; x_wconf 78' lang='lat' dir='ltr'><strong>cuns</strong></span> <span class='ocrx_word' id='word_1_292' title='bbox 217 3959 282 4005; x_wconf 86' lang='lat' dir='ltr'><strong>idem</strong></span> <span class='ocrx_word' id='word_1_293' title='bbox 299 3958 367 4005; x_wconf 83' lang='lat' dir='ltr'><strong>valet</strong></span> <span class='ocrx_word' id='word_1_294' title='bbox 383 3973 412 4005; x_wconf 88' lang='lat' dir='ltr'><strong>ao</strong></span> <span class='ocrx_word' id='word_1_295' title='bbox 429 3957 528 4004; x_wconf 87' lang='lat' dir='ltr'><strong>domino</strong></span> <span class='ocrx_word' id='word_1_296' title='bbox 547 3971 633 4003; x_wconf 80' lang='lat' dir='ltr'><strong>carens</strong></span> <span class='ocrx_word' id='word_1_297' title='bbox 651 3953 707 4018; x_wconf 87' lang='lat' dir='ltr'><strong>(uos</strong></span> <span class='ocrx_word' id='word_1_298' title='bbox 725 3953 856 4017; x_wconf 79' lang='lat' dir='ltr'><strong>‘vaoant&#39;)‚</strong></span> <span class='ocrx_word' id='word_1_299' title='bbox 883 3957 910 4000; x_wconf 88' lang='lat' dir='ltr'><strong>at</strong></span> <span class='ocrx_word' id='word_1_300' title='bbox 928 3952 999 4000; x_wconf 82' lang='lat' dir='ltr'><strong>Caes.</strong></span> <span class='ocrx_word' id='word_1_301' title='bbox 1017 3952 1042 3999; x_wconf 90' lang='lat' dir='ltr'><strong>b.</strong></span> <span class='ocrx_word' id='word_1_302' title='bbox 1060 3967 1081 3999; x_wconf 91' lang='lat' dir='ltr'><strong>o.</strong></span> <span class='ocrx_word' id='word_1_303' title='bbox 1099 3952 1146 4012; x_wconf 81' lang='lat'>111,</span> <span class='ocrx_word' id='word_1_304' title='bbox 1165 3953 1218 4001; x_wconf 73' lang='lat'><strong>11¹</strong></span> 
     </span>
     <span class='ocr_line' id='line_1_38' title="bbox 141 4038 1217 4105; baseline -0.003 -13"><span class='ocrx_word' id='word_1_305' title='bbox 141 4060 252 4105; x_wconf 85' lang='lat' dir='ltr'><strong>,vacuam</strong></span> <span class='ocrx_word' id='word_1_306' title='bbox 271 4045 452 4105; x_wconf 83' lang='lat' dir='ltr'><strong>possessionem</strong></span> <span class='ocrx_word' id='word_1_307' title='bbox 470 4044 540 4104; x_wconf 79' lang='lat' dir='ltr'><strong>regni</strong></span> <span class='ocrx_word' id='word_1_308' title='bbox 558 4044 670 4102; x_wconf 83' lang='lat' dir='ltr'><strong>sperans‘</strong></span> <span class='ocrx_word' id='word_1_309' title='bbox 696 4045 720 4089; x_wconf 87' lang='lat' dir='ltr'><strong>st</strong></span> <span class='ocrx_word' id='word_1_310' title='bbox 737 4039 849 4100; x_wconf 83' lang='lat' dir='ltr'><strong>inprimis</strong></span> <span class='ocrx_word' id='word_1_311' title='bbox 868 4039 923 4086; x_wconf 73' lang='lat' dir='ltr'><strong>niv.</strong></span> <span class='ocrx_word' id='word_1_312' title='bbox 943 4038 1050 4099; x_wconf 82' lang='lat' dir='ltr'><strong>xxvu,</strong></span> <span class='ocrx_word' id='word_1_313' title='bbox 1071 4041 1103 4088; x_wconf 86' lang='lat' dir='ltr'><strong>1o</strong></span> <span class='ocrx_word' id='word_1_314' title='bbox 1121 4051 1217 4089; x_wconf 63' lang='lat' dir='ltr'><strong>vuum</strong></span> 
     </span>
     <span class='ocr_line' id='line_1_39' title="bbox 140 4125 681 4193; baseline -0.009 -14"><span class='ocrx_word' id='word_1_315' title='bbox 140 4146 217 4193; x_wconf 86' lang='lat' dir='ltr'><strong>equus</strong></span> <span class='ocrx_word' id='word_1_316' title='bbox 236 4152 268 4172; x_wconf 60' lang='grc' dir='ltr'><strong>κε</strong></span> <span class='ocrx_word' id='word_1_317' title='bbox 288 4131 341 4178; x_wconf 87' lang='lat' dir='ltr'><strong>sius</strong></span> <span class='ocrx_word' id='word_1_318' title='bbox 360 4144 464 4189; x_wconf 84' lang='lat' dir='ltr'><strong>sessore,</strong></span> <span class='ocrx_word' id='word_1_319' title='bbox 483 4129 585 4193; x_wconf 82' lang='lat' dir='ltr'><strong>‘lediges</strong></span> <span class='ocrx_word' id='word_1_320' title='bbox 602 4125 681 4175; x_wconf 83' lang='lat' dir='ltr'><strong>Ross&#39;.</strong></span> 
     </span>
    </p>
   </div>
   <div class='ocr_carea' id='block_1_6' title="bbox 0 0 1306 4560">
    <p class='ocr_par' dir='ltr' id='par_1_10' title="bbox 0 0 1306 4560">
     <span class='ocr_line' id='line_1_40' title="bbox 0 0 1306 4560; baseline 0 0"><span class='ocrx_word' id='word_1_321' title='bbox 0 0 1306 4560; x_wconf 95' lang='lat' dir='ltr'><strong> </strong></span> 
     </span>
    </p>
   </div>
  </div>
 </body>
</html>
