2602 4560
508 232 723 298 ..33-

79 409 146 449 cero
168 388 294 447 alterum
316 406 408 462 genus
431 388 593 449 Asiaticum
617 390 690 450 dicit
720 393 932 460 ,sententiosum
956 400 985 449 et
1005 400 1153 468 argutam,

77 494 224 550 sententiis
252 511 309 549 non
342 500 399 549 lam
426 492 570 567 gravibus
598 504 627 550 et
655 497 761 551 seceris
792 513 876 571 quain
900 496 1159 553 concinnior!

78 615 140 652 oen
151 597 264 664 aslis,
290 594 382 670 qualis
405 597 434 652 in
450 595 572 653 historic
591 597 772 654 l'imoens‘
787 596 867 672 ¹⁰⁷),
894 598 944 656 ubi
961 617 1023 658 vox
1038 603 1156 658 senten-

75 700 136 758 tiae
164 698 309 777 (itemque
337 698 510 774 venustum)
537 719 598 758 uon
629 700 725 759 salum
754 700 832 759 idem
861 700 960 761 valeat
987 719 1021 760 ac
1044 700 1157 759 Graeca

78 803 204 880 γνῶμαι,
229 801 280 860 sed
303 801 447 877 ampliore
470 803 596 881 quadam
619 802 961 879 praedicantum).
1008 801 1065 861 Sed
1088 808 1157 863 utut

76 906 152 964 haec
175 923 276 963 seres
298 905 397 978 habet,
420 904 523 964 Cicero
547 905 565 964 l.
583 926 606 965 s.
624 906 643 963 l.
667 907 722 964 has
744 905 855 981 figuras
877 906 960 965 tenui
977 907 1088 966 oratori
1111 907 1158 964 fu-

78 1007 201 1082 giendas
222 1025 286 1066 esse
309 1011 420 1066 censet.

164 1111 264 1189 Atque
293 1109 447 1168 exordium
478 1110 598 1189 quidem
630 1111 780 1188 capiamus
807 1131 825 1170 a
854 1112 1155 1187 contrapositis.

78 1213 135 1270 Sed
157 1212 206 1271 hic
229 1212 357 1287 primum
380 1231 532 1288 exponere
555 1234 677 1274 necesse
695 1233 759 1274 esse
774 1215 903 1289 videtur,
926 1234 1002 1294 quae
1019 1214 1158 1289 exempla

77 1317 135 1375 hoc
165 1315 286 1373 nomine
309 1315 436 1375 velimus
466 1315 631 1392 complecti.
676 1317 753 1376 Sunt
775 1317 855 1375 enim
877 1317 980 1376 nativa
1002 1317 1155 1395 quaedam,

74 1425 110 1477 ut
138 1418 182 1477 ita
211 1417 321 1490 dicam,
353 1401 570 1494 contraposita,
603 1419 675 1478 talia
705 1420 806 1498 qualia
834 1420 891 1478 iam
922 1425 991 1478 ante
1015 1419 1155 1494 Gorgiam

76 1525 197 1581 veteres
220 1525 353 1579 oratores
376 1540 445 1579 usos
467 1539 531 1580 esse
551 1522 619 1599 quis
641 1523 756 1601 estqui
780 1521 889 1598 neget?
933 1523 1016 1580 Haec
1031 1521 1080 1579 hic
1095 1540 1155 1578 non

73 1624 182 1700 respici
207 1644 266 1682 non
290 1623 450 1683 mirabere:
479 1641 545 1681 cum
569 1631 599 1683 et
619 1625 718 1701 ipsum
740 1625 912 1684 Ciceronem
935 1624 1032 1700 possis
1053 1623 1156 1684 videre

75 1746 136 1786 non
160 1727 260 1785 omnia
281 1725 349 1798 illa,
372 1726 423 1785 sed
446 1727 606 1786 coniuncta
627 1733 743 1786 tantum
767 1746 833 1785 eum
857 1727 1060 1786 concinnitate
1083 1746 1154 1805 qua-

76 1831 143 1888 dam
175 1830 310 1889 adhiberi
340 1835 491 1890 vetantem
524 1831 562 1889 ab
590 1835 708 1890 oratore
738 1829 913 1907 tenui109).
958 1831 1037 1906 Ergo
1065 1830 1153 1889 etiam

75 1953 131 1992 nos
152 1933 276 1992 remotis
298 1932 358 1991 illis
381 1933 491 1994 nativis
514 1933 722 1993 artificiosiora
750 1938 866 1992 tantum
894 1934 1080 2010 proferemus
1102 1952 1155 1990 ex·

75 2035 184 2111 ampla.
233 2034 317 2099 Quae
340 2039 439 2094 autem
462 2041 532 2096 sunt
559 2036 617 2095 ista
639 2035 865 2094 artificiosiora?
895 2035 983 2094 audio
1014 2040 1043 2093 te
1073 2035 1155 2093 oblo-

77 2143 227 2217 quentem.
274 2138 361 2197 Hanc
394 2139 468 2199 scito
499 2158 545 2197 me
569 2139 642 2197 mihi
666 2143 866 2214 comparatam
889 2138 1020 2198 voluisse
1048 2138 1153 2213 legem,

78 2248 112 2301 ut
132 2260 168 2300 ea
188 2247 302 2302 tantum
325 2243 502 2319 respicerem
526 2262 601 2322 quae

157 2349 208 2404 aut
230 2365 292 2404 cum
316 2345 699 2404 annominationibus
722 2343 881 2402 coniuncta
904 2346 1012 2415 essent,
1036 2344 1072 2401 de
1088 2343 1153 2422 qui-

230 2449 284 2507 bus
306 2449 386 2508 infra
408 2448 540 2508 dicemus

75 2619 279 2627 ————

76 2728 143 2782 asm‘,
161 2722 290 2785 posteriori
309 2727 391 2770 autem
409 2722 443 2779 ‚ios
460 2721 498 2767 iia
515 2727 568 2768 erat
579 2717 732 2766 admirabilis
744 2718 861 2764 maenis
873 2733 964 2775 citrea,
982 2725 1070 2765 ornata
1082 2734 1153 2765 sen·

76 2810 253 2856 sentiarum
270 2809 419 2857 concinnitas
436 2822 484 2855 non
501 2811 562 2854 erat‘
580 2807 645 2853 idem
663 2807 732 2852 valet
749 2820 778 2851 ac
795 2804 884 2862 ,Sitne
904 2803 1056 2851 Gadanken‘.

145 2895 205 2960 107)
222 2898 252 2944 el.
273 2895 322 2944 cie.
342 2897 399 2943 Nat.
419 2896 485 2942 deor.
505 2895 535 2952 ll,
555 2896 600 2942 2⁷:
626 2890 806 2947 Cloacinae,
830 2896 857 2935 at
873 2889 947 2935 onnlta
969 2888 1095 2936 limones:
1112 2891 1154 2947 qni

75 2999 126 3029 mom
143 2984 169 3030 in
185 2983 289 3031 nisena
307 2983 417 3040 dixisset,
445 2996 494 3039 qna
516 2986 583 3026 rwete
607 2985 680 3024 natas
696 2974 839 3022 Alexander
856 2983 929 3034 esset,
955 2977 1037 3022 earnm
1056 2975 1153 3021 Dicam

72 3071 193 3131 Ephesiae
210 3068 321 3129 ternplum
344 3067 506 3129 &stuprosum
533 3064 646 3111 adianar't
669 3056 763 3108 nimime
787 3062 815 3109 id
837 3076 887 3109 esse
911 3062 1063 3120 mirandum,
1088 3061 1154 3120 qnod

73 3157 175 3215 Diana,
193 3172 246 3202 enm
263 3157 289 3202 in
302 3162 378 3215 parta
397 3151 550 3213 Olympiadis
567 3150 683 3197 adesse
700 3150 820 3208 adnatet,
838 3147 1006 3208 abfuisset
1023 3149 1098 3196 dama
1119 3175 1151 3183 —

72 3245 186 3290 Alterum
210 3255 288 3302 genus
305 3241 441 3289 Asiaticum
465 3238 551 3285 Cicero
574 3238 589 3284 l.
611 3237 627 3283 l.
645 3237 771 3284 excellens
798 3235 872 3282 fuisse
900 3233 959 3281 dicit
984 3239 1108 3290 ‚econmto
1131 3239 1153 3278 et

66 3329 153 3389 faceto
171 3341 254 3386 yeneno
270 3327 410 3382 oericrum‘,
438 3339 486 3383 quo
504 3324 539 3370 nil
558 3322 625 3370 aliud
643 3324 697 3369 vult
714 3321 824 3380 intellegi
842 3319 890 3365 nisi
908 3318 1000 3377 figuras
1018 3317 1151 3364 verborum

72 3409 209 3480 (σχήματα
226 3410 275 3476 τῆς
293 3408 411 3476 tettan:
438 3424 487 3469 qua
505 3411 530 3457 in
548 3424 575 3456 re
593 3408 652 3467 quid
670 3421 715 3454 nos
734 3406 865 3465 impediat,
884 3404 1014 3462 quominus
1032 3403 1062 3449 de
1080 3417 1150 3465 παρι-

73 3495 173 3550 adasai
190 3512 287 3558 quoque
305 3508 329 3545 et
346 3491 537 3561 παρομοιώσεσι
554 3495 697 3552 cogitemus,
716 3504 778 3549 quae
796 3496 821 3535 et
838 3489 906 3548 ipsae
924 3488 948 3534 in
968 3502 1069 3535 numero
1087 3486 1149 3535 Gor·

73 3588 203 3647 panarum
227 3587 362 3646 figurarum
380 3588 450 3641 sant,
476 3594 578 3643 prorsus
596 3593 645 3626 non
663 3577 737 3625 video
756 3572 997 3641 (contraeamus.
1015 3575 1059 3621 l.l.
1078 3576 1149 3634 pili

72 3675 150 3736 adn).

143 3759 202 3822 108)
220 3758 251 3806 ei.
270 3756 343 3803 etiam
361 3769 434 3814 quam
453 3753 553 3800 diversa
570 3751 736 3811 Quintilianus
755 3749 829 3806 VllI,
849 3749 864 3792 δ
889 3746 954 3793 inter
971 3745 1148 3794 renuntiatum

72 3859 163 3904 genera
180 3845 259 3902 affert,
278 3842 391 3902 inprimis
407 3842 423 3902 ς
437 3842 470 3888 20
482 3853 536 3898 sqq.
556 3843 580 3884 et
597 3838 655 3885 vide
673 3837 857 3883 Volkmannum
876 3833 922 3878 ll.
942 3846 967 3891 p.
981 3831 1031 3878 888
1050 3835 1110 3879 extr.

144 3928 203 3990 109)
220 3929 269 3976 illis
294 3928 372 3988 ,paria
389 3925 490 3986 paribus
508 3924 594 3970 relata‘
619 3927 684 3969 certe
704 3916 818 3972 ἰσόκωλα
842 3922 937 3965 tantum
963 3916 1088 3974 nominat,
1114 3916 1146 3961 cf.

72 4015 88 4076 ξ
108 4016 156 4063 166
175 4020 199 4062 et
216 4017 282 4077 2203
304 4013 347 4060 sed
365 4012 410 4059 illo
427 4012 483 4057 loeo
500 4009 526 4073 (ᾖ
545 4007 590 4072 84)
608 4007 787 4067 generaliorem
809 4004 894 4065 procul
912 4001 988 4050 dubio
1005 4002 1086 4049 inesse
1103 4015 1147 4048 no·

72 4103 164 4151 tionem
182 4101 218 4148 illi
235 4099 353 4147 locutioni
372 4112 449 4157 eaque
467 4097 518 4143 lere
536 4096 616 4144 voluit
633 4093 752 4152 intellegi,
771 4105 833 4153 quae
851 4104 897 4137 nos
915 4087 1110 4137 subaudivimus.

927 4183 952 4233 ‘e
