2602 4560
93 382 182 439 mium
205 382 304 441 tribuo
327 403 393 442 oum
416 383 482 442 aliis
504 384 541 441 de
564 383 667 455 causis,
699 375 772 461 quas
793 403 824 443 ν.
850 404 880 460 p.
902 389 919 441 6
943 387 1005 443 tum
1029 385 1165 458 maxime,

94 485 171 561 quod
193 483 223 542 id
248 504 365 561 semper
387 486 444 545 erit
464 486 617 545 fatendum
634 485 806 545 Ciceronem
823 489 878 547 hac
895 487 927 544 in
947 491 1032 563 parte
1048 488 1167 547 Asianis

91 587 184 660 magis
206 588 394 647 adversatum
416 609 481 648 esse
505 607 594 667 quam
615 589 726 648 favisse
758 589 839 664 (vide
862 591 953 649 etiam
975 591 1109 650 Caesaris
1132 592 1168 648 de
1261 664 1265 669 ν

92 707 127 746 eo
155 688 297 748 iudicium
321 691 403 750 Brut.
423 692 472 764 72,
490 689 564 768 253)
594 692 684 770 idque
713 691 889 768 perdifficile
917 697 963 752 est
993 693 1167 770 disceptatu,

93 793 202 870 quibus
224 793 256 851 in
279 799 365 854 oratt.
390 795 419 853 id
443 795 546 868 magis,
571 794 680 873 quibus
702 793 801 854 minue
823 795 964 854 effecerit.
1011 795 1107 853 Aliter
1120 814 1169 854 res

92 914 124 953 se
147 895 238 954 habet
260 898 295 955 de
318 899 429 972 tropis:
452 899 501 956 hic
524 916 711 976 nequaquam
736 918 822 973 spero
846 898 968 957 difficile
990 899 1055 956 fore
1078 917 1168 974 appa-

93 1002 193 1056 rentes
208 998 392 1058 differentias
416 1000 500 1079 quasi
518 1001 611 1059 oculis
630 1020 760 1073 cernere,
784 1001 920 1060 manibus
936 1001 1167 1077 deprehendere.

94 1106 138 1162 Ac
160 1103 238 1177 tropi
263 1122 322 1160 non
345 1103 444 1161 minus
467 1105 502 1161 ad
526 1104 704 1178 elegantiam
733 1104 887 1180 pertinent
909 1122 997 1182 quam
1020 1123 1096 1182 qnae
1118 1105 1169 1161 ad·

93 1207 151 1265 hnc
173 1205 343 1280 attigimus:
367 1207 418 1264 sed
441 1227 507 1264 oum
529 1205 619 1264 iidem
642 1207 678 1264 ad
703 1206 879 1280 dignitatem
902 1210 1037 1281 spectent
1060 1204 1167 1264 oratio·

94 1309 149 1392 nis?
173 1313 338 1400 separatam
361 1309 399 1367 iis
422 1309 620 1368 concessimus
643 1314 740 1385 caput.

554 1577 638 1663 Cap.
660 1577 711 1645 H.

503 1701 565 1750 De
591 1700 758 1763 tropis.

182 1839 262 1897 Huic
285 1839 375 1913 capiti
396 1838 446 1898 vel
469 1858 613 1897 summam
636 1839 729 1898 totins
752 1837 968 1897 dissertationis
989 1838 1050 1897 vim
1072 1837 1170 1896 inesse

97 1942 214 2001 docebit
241 1947 271 2001 te
294 1942 469 2014 auotoritas,
501 1961 589 2020 quam
611 1942 706 2017 tropis
727 1940 890 2018 Dionysius
912 1940 1036 1999 tribuit:
1066 1940 1118 2018 qui
1141 1945 1172 1998 et

93 2044 126 2101 in
142 2064 325 2124 unoquoque
341 2045 498 2103 iudicando
515 2049 632 2102 oratore
648 2044 716 2104 illos
732 2045 810 2103 haud
826 2063 929 2119 parum
948 2043 1115 2119 respexerit
1129 2077 1171 2084 —-

96 2149 168 2226 quid
191 2148 271 2225 quod
291 2147 420 2223 exempli
444 2167 531 2207 causa
553 2148 583 2205 in
607 2148 761 2206 Platonem
793 2167 853 2205 non
882 2146 1004 2204 minima
1026 2165 1064 2202 ex
1087 2148 1171 2219 parte

97 2254 221 2325 propter
248 2251 393 2326 tropicam
425 2252 488 2311 eius
518 2249 715 2310 elocutionem
745 2249 899 2308 invehitur
925 2250 956 2306 in
986 2267 1032 2323 ep.
1056 2249 1093 2305 ad
1116 2249 1169 2306 On.

99 2353 204 2428 Pomp.
228 2353 276 2411 II:
309 2346 433 2428 μάλιστα
456 2349 488 2412 di
509 2346 672 2431 χειμάζεται
702 2350 769 2428 περὶ
800 2344 853 2427 τὴν
883 2345 1029 2429 τροπικὴν
1058 2343 1171 2427 φράσιν

97 2473 181 2533 e.q.s.
206 2489 246 2497 —-
271 2457 357 2516 etin
380 2457 472 2535 Lysia
492 2458 522 2517 id
545 2459 595 2519 vel
617 2457 745 2516 maxime
768 2461 855 2531 urget
877 2474 998 2531 prorsus
1021 2474 1087 2513 eum
1110 2458 1171 2512 tro-

96 2559 162 2635 pica
184 2559 315 2620 dictione
337 2561 526 2634 abstinuisse,
550 2563 587 2620 of.
604 2561 665 2620 iud.
684 2561 754 2638 Lys.
771 2580 795 2619 c.
809 2560 862 2617 III
884 2559 970 2617 init:
993 2558 1036 2625 τίς
1051 2547 1076 2613 d'
1093 2552 1171 2614 ἔστιν

96 2654 190 2736 aliem
221 2655 243 2738 ἡ
265 2657 316 2722 dod
338 2665 398 2722 τῶν
420 2665 564 2742 κυρίων
586 2685 616 2722 τε
638 2661 688 2722 καὶ
711 2663 820 2722 κοινῶν
847 2658 898 2720 καὶ
921 2657 952 2720 ἐν
974 2657 1053 2742 μέσῳ
1077 2656 1172 2735 κειμέ-

98 2761 157 2822 νων
172 2758 337 2838 ’ὀνομάτων
353 2763 523 2845 ἐκφέρουσα
538 2761 576 2824 τοὶ
592 2759 751 2842 νοούμενα.
796 2758 934 2841 ἥκιστα
957 2757 1027 2842 γάρ
1051 2756 1071 2820 tt
1078 2785 1094 2821 ν
1115 2783 1171 2831 τις

98 2859 207 2942 εὕροι
226 2867 562 2952 Λυσίαντροπικῇ
582 2862 720 2946 φράσει
737 2861 991 2946 χρησάμενονε
1014 2869 1093 2945 quod
1111 2887 1170 2946 quo

96 2970 205 3030 rectius
228 2971 386 3048 intellegas
407 2973 565 3045 iudicium,
595 2972 756 3046 subiungas
779 2969 852 3028 illud
876 2971 954 3050 quod
977 2969 1008 3028 in
1031 2969 1171 3045 Spengeli

95 3073 225 3132 editione
255 3076 409 3134 rhetorum
433 3075 535 3134 Graec.
560 3077 575 3133 Ι
597 3095 626 3150 p.
645 3079 722 3148 365,
740 3080 816 3152 2sq.
847 3070 893 3151 (ἐκ
922 3074 982 3131 τῶν
1005 3073 1171 3151 Λογγῖνον)

94 3177 264 3236 invenitur:
288 3171 357 3236 Ὅτι
374 3176 422 3236 δεῖ
434 3173 639 3254 πεφεισμένως
657 3179 789 3256 χρῆσθαι
807 3181 871 3246 ταῖς
888 3179 1011 3255 τροπαῖς
1032 3172 1083 3233 καὶ
1100 3168 1171 3251 μετα

94 3276 212 3355 τέχνης,
244 3275 285 3356 μὴ
308 3280 499 3360 παραλείπειν
521 3276 554 3340 δὲ
576 3282 726 3350 παντελῶς
825 3277 876 3338 καὶ
898 3272 954 3358 γὰρ
978 3276 1028 3337 καὶ
1052 3277 1168 3346 Λυσίας

94 3375 175 3441 οὕτω
199 3383 370 3460 πεποίηκεν.
414 3385 533 3464 Aequi
556 3385 668 3442 Romae
692 3384 873 3442 exstiterunt
896 3382 997 3453 Attici,
1021 3400 1072 3441 eos
1095 3401 1168 3461 quo-

94 3505 153 3565 que
175 3487 270 3563 tropis
293 3487 443 3546 abstinere
465 3487 596 3547 voluisse
619 3489 706 3546 docet
728 3486 931 3550 Quintilianus
954 3485 1034 3557 XII,
1054 3489 1100 3557 10,
1118 3490 1168 3557 23,

94 3591 145 3671 qui
167 3591 216 3649 his
238 3589 338 3650 verbis
359 3610 410 3649 eos
434 3596 603 3667 oppugnat:
626 3589 714 3666 ,μνία
734 3591 855 3666 detst'qne
878 3588 1100 3646 Demosthenes?
1116 3630 1123 3644 .
1137 3629 1165 3643 ..

94 3713 150 3751 non
173 3692 412 3752 translationibus
435 3697 552 3751 ns'tet?“
596 3694 659 3751 Nec
682 3713 742 3751 non
767 3692 893 3750 Asianos
921 3691 1013 3750 nimio
1037 3691 1168 3765 tropicae

93 3797 232 3857 dictionis
255 3796 354 3855 studio
377 3815 409 3855 se
431 3796 548 3855 dedisse
572 3800 617 3855 est
639 3795 815 3873 notumli').

162 3931 205 3996 ⁰16)
221 3901 360 3981 videnter
378 3933 428 3980 alia
444 3933 567 3980 Blassium
591 3931 756 3990 „Gesohiehte
774 3930 818 3977 der
835 3927 1003 3988 griechischen
1022 3926 1168 3974 Beredsam-

92 4019 145 4067 keit
169 4019 195 4065 in
221 4019 276 4066 dem
294 4019 419 4067 Zeitraum
443 4034 493 4066 von
511 4018 653 4066 Alexander
678 4016 716 4063 bis
740 4016 784 4062 auf
803 4017 961 4073 Augustus“‚
989 4013 1073 4060 Berlin
1093 4013 1167 4072 1865,

92 4118 118 4164 p.
132 4107 163 4153 sl
183 4109 208 4152 et
223 4105 296 4154 huius
314 4106 410 4154 dissert.
429 4120 453 4166 p.
467 4109 490 4163 5,
510 4106 567 4152 adu.
581 4108 603 4152 t.

956 4192 983 4241 ‘h
