2602 4560
566 248 777 314 ..53-

130 405 218 464 huius
246 410 278 462 ln
306 392 405 466 bllrtm.
458 409 498 465 49
531 409 689 482 properato
719 392 804 480 bpus'
832 409 915 465 esset
961 409 1001 463 90
1029 415 1125 479 ipsum
1156 392 1212 463 'sed

131 496 350 587 eb'unc141).

216 609 332 670 Deinde
347 609 552 674 Quintilianus
566 607 626 683 IX,·
640 612 668 682 4,
686 609 724 668 75
748 607 951 686 reprehendit,
974 608 1055 689 quod
1077 608 1211 669 trimetri

131 714 262 774 clausula
282 712 315 772 in
337 712 497 789 Ligariana
518 711 684 773 invenitur:
715 712 789 782 ,Sed
808 713 892 772 initu
914 713 1005 771 ricc'tz'r'c
1027 731 1082 770 ccc
1106 730 1211 769 coace-

130 819 215 876 ne'act
318 836 370 875 uec
392 817 542 875 clausulae
564 816 722 886 clausulis,
756 825 789 873 ut
811 815 910 873 Cs'cerc
940 815 1011 890 ‘Quo
1033 833 1076 872 mc
1098 823 1211 873 certum

130 919 234 978 aesrio'
258 919 336 998 (Lig.
353 918 394 996 l),
420 921 472 996 qai
491 920 618 977 trr'metri
628 917 706 994 finis
727 925 797 976 ect‘
842 916 981 997 Denique
1002 917 1081 976 hunc
1102 915 1210 975 addam

131 1022 288 1081 clausulam
319 1021 506 1082 diiambicam
534 1019 680 1098 disyllaba
700 1040 774 1081 voce
802 1021 1017 1081 conformatam
1043 1019 1085 1097 (v.
1108 1019 1210 1080 Wiist.

130 1144 158 1201 p.
177 1130 217 1183 63
229 1125 308 1206 sqq.)
332 1124 398 1201 Lig.
414 1131 454 1184 20
476 1127 593 1183 senatui
612 1125 730 1183 necesse
746 1127 829 1183 ἔνᾱιε
854 1142 1034 1203 quamquam
1055 1123 1212 1184 invenitur

130 1227 162 1285 in
185 1227 299 1288 minore
322 1229 463 1288 membro.
508 1228 646 1287 Ceterum
669 1246 736 1286 cum
761 1226 794 1285 in
815 1226 864 1286 his
879 1225 1065 1286 cretionibus
1086 1230 1133 1287 tot
1155 1246 1210 1285 ne-

131 1329 298 1405 glegentiae
328 1331 477 1407 exemplu,
508 1349 634 1408 quornm
663 1348 804 1388 numerus
824 1330 951 1390 fortasse
972 1332 1072 1404 potest
1093 1331 1209 1404 augeri,

130 1437 299 1532 occurrant,
323 1433 423 1492 nescio
445 1452 517 1492 num
540 1432 656 1491 medela
678 1431 815 1510 quamvis
836 1430 916 1491 facili
940 1450 1015 1509 opus
1037 1431 1093 1504 sit,
1115 1452 1209 1512 quam

131 1534 266 1595 Wiistius
282 1535 411 1607 adhibet,
435 1540 468 1594 ut
483 1535 548 1609 Lig.
566 1540 605 1593 29
622 1534 748 1610 effugiat
769 1533 929 1593 diiambum
952 1533 1110 1609 ,ignorent
1124 1539 1211 1596 sun‘:

131 1637 203 1717 quin
227 1637 316 1697 etiam
338 1636 412 1695 illud
435 1638 581 1697 contendo
604 1636 670 1696 Dei.
688 1641 728 1696 24
751 1637 900 1697 clausulae
917 1636 1035 1716 quidem
1058 1636 1208 1698 rationem

131 1760 191 1798 non
206 1745 316 1813 vetare,
342 1760 379 1798 ne
395 1740 537 1816 seriptum
553 1760 571 1800 a
586 1740 727 1800 cicerone
750 1740 792 1798 sio
815 1744 952 1816 putemus
973 1739 1091 1811 ‚Alieno
1106 1747 1208 1802 autem

129 1847 198 1903 ate
220 1842 318 1901 animo
335 1863 394 1923 quo
409 1843 497 1902 modo
518 1842 621 1916 fuitr‘,
645 1863 704 1923 quo
727 1843 763 1902 de
786 1842 851 1902 loeo
874 1841 1011 1902 Wiistius
1033 1862 1062 1918 p.
1080 1848 1120 1901 64
1137 1843 1208 1906 adn.

130 1964 191 2003 non
212 1950 293 2005 recte
307 1945 426 2006 videtur
448 1944 607 2018 rettulisse,
631 1963 707 2024 qnae
722 1945 886 2021 praebeant
901 1943 1026 2018 codices,
1049 1945 1123 2024 quid
1138 1965 1208 2006 sen·

129 2047 206 2107 tiant
227 2047 356 2108 editores
378 2047 458 2125 (ride
480 2047 595 2106 Halmii
620 2048 688 2107 adn.
711 2047 799 2124 orit).

215 2150 272 2209 Sed
294 2157 329 2210 ut
342 2155 438 2210 totum
459 2152 516 2210 hoe
532 2153 622 2226 caput
643 2150 762 2209 tandem
785 2149 945 2226 perficiem,
968 2150 1012 2210 sic
1026 2149 1208 2227 complectar

129 2273 224 2313 meam
254 2255 448 2331 sententiam:
478 2253 627 2315 crationes
656 2272 710 2330 pro
739 2252 870 2326 Milone,
904 2272 958 2330 pro
982 2252 1118 2329 Ligario,
1151 2273 1206 2330 pro

131 2356 273 2416 Dcicterc
286 2356 358 2434 ¹4²)
379 2357 483 2429 habb,
507 2357 585 2437 quod
608 2356 727 2435 quidem
750 2357 859 2416 attinet
880 2357 917 2415 ad
941 2375 1111 2429 numerum,
1143 2357 1208 2415 cxi·

131 2458 222 2516 mium
246 2460 393 2538 quendam
416 2459 512 2519 locum
536 2459 671 2518 obtinere
694 2477 811 2519 censeo.

217 2562 280 2621 Nee
300 2580 372 2622 vcro
395 2561 545 2620 discedere
568 2563 605 2620 ab
628 2561 684 2619 hcc
706 2561 804 2638 capite
826 2580 959 2637 possum,
990 2561 1047 2620 nisi
1069 2561 1154 2637 prius
1174 2562 1207 2622 id

132 2665 318 2725 affirmavero
346 2683 393 2723 me
420 2664 490 2723 huic
518 2663 722 2723 secundariam
750 2668 866 2724 tentum
894 2665 1042 2743 quandam
1063 2664 1125 2726 vim
1153 2667 1207 2726 tri-

132 2768 224 2827 buere
246 2770 282 2828 ed
305 2768 494 2828 iudicandum
517 2787 611 2844 genus
634 2765 750 2826 dicendi
774 2773 861 2829 cratt.
876 2787 931 2845 pro
946 2767 1067 2844 Ligario
1089 2775 1120 2831 ct
1141 2768 1208 2830 Dei.

130 2871 296 2931 habiturum
327 2890 382 2931 nec
404 2871 525 2931 omnino
549 2870 585 2930 de
607 2888 797 2930 numerorum
825 2870 942 2932 ratione
971 2870 1003 2929 in
1026 2870 1074 2930 his
1097 2871 1205 2932 oratic·

131 2975 220 3033 nibus
237 2974 397 3050 conspicua
418 2973 559 3034 iudicium
582 2973 710 3033 loturum
732 2973 833 3049 fuisse,
855 2973 913 3033 nisi
929 2973 988 3032 iam
1003 2991 1041 3032 ex
1056 2973 1206 3050 prioribus

130 3076 219 3134 huius
241 3076 457 3137 dissertationis
479 3075 625 3153 capitibus
647 3078 786 3138 effectum
806 3077 984 3136 censuissem
1007 3075 1088 3135 eliud
1111 3097 1206 3154 genus

131 3179 246 3239 dicendi
270 3180 303 3238 in
325 3179 372 3238 his
393 3185 483 3260 atque
504 3179 536 3238 in
553 3180 659 3240 ceteris
682 3179 865 3240 orationibus
883 3178 1056 3239 Ciceronem
1078 3184 1205 3241 assecta·

130 3288 193 3342 tum
216 3302 289 3344 esse.

201 3440 261 3496 141)
278 3439 412 3484 Praeterea
429 3437 504 3495 bace,
532 3449 594 3495 quae
613 3433 693 3482 minus
711 3435 838 3482 offendant
855 3436 981 3495 exempla,
1007 3432 1063 3482 addi
1087 3440 1204 3493 possunt:

131 3521 181 3568 Mil.
196 3524 226 3571 77
246 3522 346 3569 civitate
364 3523 499 3569 manerent.
535 3521 619 3580 Lino
638 3520 700 3579 quId
713 3519 852 3580 adolebis?
888 3524 920 3570 ³6
939 3524 978 3569 me
991 3521 1204 3571 boemdmlnlssd.

200 3604 260 3674 ua)
278 3608 317 3655 Dc
334 3607 493 3656 Marcelliano
509 3606 567 3655 vids
583 3606 655 3653 infra.
