2602 4560
590 224 780 289 ,2-

146 383 242 443 tribus
265 383 425 458 generibus
447 383 564 441 dicendi
595 383 728 455 disserit,
761 384 834 441 haec
857 382 968 459 scripta
989 383 1125 444 videmus
1148 385 1223 442 orat.

147 487 224 544 VIII
249 492 305 546 24:
335 488 473 564 „Semper
495 495 642 543 oratorum
665 487 843 562 eloquentiae
865 488 1044 544 moderatrice
1056 484 1121 558 suit
1142 487 1225 543 oudi-

146 600 237 647 torum
258 591 425 666 prudentio.
475 591 574 646 Omnes
596 590 668 646 ναῖκι
692 592 745 666 qui
762 589 888 665 probari
907 590 1022 659 uolunt,
1048 588 1222 645 uoluntatem

146 711 254 762 corum,
280 693 483 771 quinalium,
510 693 659 748 intuentur
681 700 709 748 et
726 692 766 749 orl
779 711 874 748 eorum
898 691 1051 749 arbitrium
1075 701 1103 748 el
1124 701 1223 748 nutum

145 803 219 851 totos
242 814 272 852 se
285 795 409 871 fingunt
430 803 459 851 et
479 793 725 851 accommodatur
770 793 848 857 Quid
879 795 958 873 quod
988 799 1086 853 orator
1118 795 1222 851 eodem

144 916 223 956 anno
247 898 375 973 scriptus
397 901 452 970 est,
474 916 533 974 quo
556 896 659 955 (licere
681 896 900 986 proxMarcello
924 900 955 955 et
977 896 1098 970 Ligario
1121 894 1222 954 dixit?

143 1001 251 1060 Caesar
280 1006 378 1060 autem
402 1000 474 1078 quin
497 1018 614 1075 corum,
647 998 700 1077 qui
729 1018 840 1058 novum
869 998 1005 1057 assectati
1036 998 1097 1056 sint
1126 1018 1221 1072 genus

144 1101 271 1177 dicendi,
293 1107 393 1178 partes
416 1106 534 1162 secutus
556 1089 610 1174 sit,
633 1099 737 1177 procul
760 1106 805 1159 ast
828 1101 933 1160 dubio:
956 1101 992 1158 de
1015 1119 1074 1179 qua
1096 1119 1128 1158 re
1150 1100 1221 1158 vide

145 1224 219 1283 quae
242 1205 314 1264 dicit
335 1202 584 1265 Wilamowitzius
604 1202 625 1262 l.
641 1203 677 1263 l.:
710 1203 840 1275 „Caesar
869 1203 949 1259 tutte
978 1201 1051 1258 auct
1081 1202 1144 1257 tter
1174 1201 1220 1257 die

144 1309 302 1381 Strlimung
324 1307 448 1365 ertannt
469 1307 528 1364 oud
548 1305 672 1387 setuffte
695 1306 742 1363 ihr
755 1304 838 1383 frere
860 1306 976 1363 Bollu.“

230 1408 312 1472 Quae
335 1428 401 1468 cum
425 1410 467 1468 its
489 1410 561 1482 sint,
592 1409 800 1469 vehementius
822 1409 911 1468 etiam
934 1427 981 1466 me
1004 1408 1083 1484 cepit
1105 1407 1219 1465 deside-

143 1513 218 1570 rium
242 1512 406 1571 accuratius
421 1512 601 1591 requirendi,
626 1513 705 1589 quod
728 1512 884 1570 docuerint
905 1531 959 1570 nos
982 1513 1018 1569 dc
1040 1512 1088 1569 his
1111 1511 1220 1569 oratio-

143 1616 231 1674 nibus
250 1635 353 1675 sensus
368 1616 471 1687 nostri,
494 1619 593 1674 utrum
616 1619 697 1674 recte
720 1615 877 1673 docucrInt
899 1633 936 1672 an
960 1615 1132 1689 deceperint
1153 1633 1218 1685 nos,

72 1758 77 1762 -
143 1725 173 1777 et
196 1719 219 1778 si
242 1724 323 1778 reete
344 1739 399 1777 nos
423 1719 576 1792 duxerint,
601 1718 726 1777 conandi
751 1717 839 1778 certis
860 1718 890 1774 id
914 1719 1040 1793 probare
1061 1717 1219 1776 ratiocina-

141 1821 281 1880 tionibus.
327 1820 512 1900 Quamquam
544 1826 690 1900 quatenus
718 1821 787 1880 talis
809 1821 945 1899 quaestio
969 1821 1006 1878 ad
1030 1819 1218 1894 disciplinam

143 1942 232 2002 qnam
255 1929 366 1983 vocant
387 1924 578 1983 aestheticam
602 1925 742 2000 pertinet,
765 1923 842 1981 nihil
860 1924 980 1981 omnino
995 1923 1061 1994 erit,
1085 1923 1121 1980 ad
1138 1923 1217 1998 quod

141 2046 341 2100 recurramus,
373 2027 431 2086 nisi
462 2027 520 2102 ipsi
550 2028 645 2086 nostri
677 2046 797 2098 seusus,
829 2031 862 2084 ut
883 2026 915 2083 in
938 2031 1041 2085 nostra
1070 2043 1157 2083 causa
1179 2023 1217 2080 iis

142 2130 250 2208 quibus
272 2131 449 2205 persuadere
471 2129 617 2203 volumus,
640 2131 718 2187 idem
741 2130 925 2200 suadeamus,
948 2130 984 2186 ad
1007 2129 1086 2207 quod
1102 2126 1217 2202 Diony-

142 2233 203 2291 sius
226 2253 291 2305 eos,
315 2233 366 2312 qui
390 2233 499 2311 LysIae
523 2232 640 2292 Gratias
662 2250 839 2307 cognoscere
862 2232 1015 2304 studeant,
1044 2231 1218 2288 adhortatus

142 2336 233 2394 sitin
255 2336 315 2393 iud.
331 2335 400 2413 Lys.
418 2355 441 2395 c.
458 2336 521 2394 XI:
545 2328 685 2410 αἰσθήσει
707 2328 763 2414 γαρ
786 2327 901 2393 τούτων
923 2329 1048 2392 ἕκαστον
1070 2333 1216 2405 καταλαμ-

143 2431 266 2511 βάνεται
295 2434 347 2496 καί
376 2433 413 2495 οὗ
441 2433 528 2520 λόγῳ.
563 2432 640 2496 ὅσθ’
662 2433 735 2515 ίίνσερ
759 2437 790 2495 σί
810 2433 951 2513 μουσικοί
982 2430 1217 2512 παραγγέλλουσι

141 2543 239 2598 ποιεῖν
261 2543 322 2610 τοῖς
344 2537 538 2616 βουλομένοις
566 2531 689 2598 οἷκοιίειν
710 2535 844 2618 ἀκριβῶς
866 2531 1010 2615 οίρμονίας
1034 2582 1039 2595 .
1065 2579 1072 2594 .
1098 2581 1103 2594 .
1129 2537 1216 2594 τοῦτο

142 2637 227 2722 κάμοί
250 2647 312 2713 τοῖς
334 2639 590 2723 ἀναγιγνώσκουσι
619 2636 672 2701 οόν
693 2641 829 2714 Λυσίαν,
858 2637 909 2699 καί
931 2639 976 2710 τίς
997 2632 1018 2715 ἦ
1040 2631 1110 2717 παρ’
1132 2635 1217 2719 αὐτῷ

140 2738 226 2822 χάρις
243 2743 302 2804 ἔστί
320 2744 515 2822 βουλομένοις
532 2751 652 2822 μαθεῖν,
676 2740 846 2820 ὑποθείμην
864 2737 901 2802 du
917 2738 1102 2820 ἐπιτηδεύειν
1117 2737 1216 2823 χρόνῳ

141 2851 238 2931 πολλῷ
260 2846 311 2908 καί
329 2852 429 2931 μακρᾷ
446 2849 544 2934 τριβῇ,
566 2847 617 2910 καί
636 2843 734 2932 ιίλόγιμ
752 2841 846 2907 πάθει
862 2839 915 2906 adu
933 2841 1042 2927 ι’ίλογον
1058 2849 1216 2906 συνασκεῖν

140 2949 290 3025 αἴσθησιν.

227 3053 283 3111 Sed
307 3073 373 3112 cum
395 3055 490 3113 nihilo
514 3057 612 3115 minus
634 3059 708 3117 haec
731 3057 865 3135 quaestio
889 3057 1003 3129 spectet
1018 3053 1054 3110 ad
1070 3070 1216 3127 gramma-

139 3156 227 3214 ticam
251 3160 281 3214 et
302 3157 496 3230 rhetoricam,
528 3177 604 3236 quae
634 3159 824 3218 intercedunt
846 3155 1030 3215 differentiae
1061 3156 1140 3214 inter
1161 3175 1215 3213 no-

143 3265 218 3318 stras
241 3260 390 3318 orationes
420 3266 451 3319 et
472 3260 545 3318 alias
568 3261 789 3333 Ciceronianae,
820 3259 867 3318 his
890 3259 1028 3318 eruendis
1053 3265 1082 3319 et
1104 3259 1216 3317 exami-

139 3363 248 3421 nandis
277 3363 349 3422 satis
376 3363 493 3421 firmum
522 3363 697 3422 habebimus
726 3363 950 3422 fundamentum
979 3363 1080 3422 iudicii
1112 3364 1215 3421 nostri.

142 3467 347 3539 comparando
362 3466 455 3541 igitur
469 3467 595 3542 probare
611 3467 697 3525 nobis
714 3471 759 3525 est
774 3466 977 3525 constitutum.
1023 3465 1103 3529 Quas
1115 3471 1214 3525 autem

142 3569 174 3624 in
198 3568 419 3626 contentionem
441 3588 548 3630 vocare
571 3568 719 3628 voluimus
741 3570 891 3629 Ciceronis
919 3571 1083 3643 orationes,
1114 3571 1145 3628 in
1167 3571 1216 3629 his

143 3670 287 3743 eligendis
310 3672 488 3730 ducebamur
511 3677 686 3748 temporum,
710 3673 818 3752 quibus
841 3673 975 3747 singulae
997 3675 1125 3750 scriptae
1146 3679 1223 3734 sunt·

144 3772 307 3847 orationes,
338 3774 450 3833 ordinis
478 3775 609 3834 ratione:
641 3775 778 3852 inprimis
801 3777 880 3834 enim
903 3778 1009 3835 afferre
1031 3797 1085 3835 uos
1108 3778 1216 3836 debere

143 3876 313 3953 putavimus
341 3884 372 3937 et
393 3897 457 3936 eam
481 3897 557 3957 quaa
586 3879 736 3938 antecedit
764 3884 794 3939 et
816 3898 865 3938 eas
888 3897 964 3959 quae
986 3881 1141 3957 excipiunt
1163 3902 1216 3941 nc·

143 3984 228 4049 stras,
250 3980 280 4037 id
304 3986 349 4039 est
372 3987 402 4040 et
423 3982 618 4041 Milonianam
641 3984 781 4059 scriptam
804 4003 829 4042 a.
852 4002 878 4042 a.
894 3984 962 4042 cnr.
981 4003 1010 4041 n.
1029 3989 1068 4041 52
1090 3990 1122 4044 et
1144 3985 1216 4044 Phi·

142 4081 268 4157 lippicas
298 4085 446 4144 orationes
476 4106 530 4148 scr.
554 4105 579 4146 a.
596 4083 700 4167 44l43.
745 4088 784 4145 Et
806 4085 991 4161 Philippicas
1017 4085 1138 4164 quidem
1162 4089 1216 4149 ud·
