2602 4560
541 160 755 226 -34-

189 325 324 378 autnon
348 318 443 378 solum
467 316 690 389 sententiarum,
714 316 765 375 scd
781 314 871 372 etiam
893 314 1095 374 verborum
1119 331 1198 391 qua-

264 422 331 480 dam
354 421 623 481 concinnitate
646 423 746 478 essent
768 415 996 491 insignia1¹⁰):
1025 415 1058 472 in
1081 415 1198 494 quibua

264 523 403 599 inprimis
431 516 663 596 ἄντιμεταβολῆς
691 521 756 579 cive
783 517 1022 578 commutationis
1051 517 1199 593 exempla

266 626 327 685 sint
349 624 618 696 commemoranda,
647 642 686 681 ex
708 623 817 702 quibua
839 619 1028 679 notissimum
1052 620 1094 679 eit
1115 619 1197 678 illud

263 746 339 802 ,ecoe
361 733 488 802 oportet,
511 726 660 797 utriaco,
683 745 745 784 non
766 725 878 795 vivere,
900 733 935 782 ut
957 724 1036 781 edae‘
1050 721 1126 799 ¹¹¹)

188 836 240 891 aut
256 830 388 909 denique
411 829 672 889 cumulatione
694 827 879 903 singulorum
894 825 1055 885 multorum
1071 831 1197 886 contra-

263 933 429 1009 positorum
452 932 643 991 excellerent.

110 1039 199 1095 Hanc
221 1037 319 1111 legem
342 1039 443 1095 secuto
465 1053 504 1094 ex
527 1034 743 1110 Ligariana
769 1034 889 1112 quidem
912 1032 970 1092 tria
990 1031 1039 1092 vel
1062 1038 1197 1109 quatuor

108 1147 225 1199 tantum
256 1139 395 1214 exempla
423 1140 483 1197 huc
514 1138 666 1214 pertinere
696 1137 769 1196 mihi
791 1137 947 1208 videntur,
980 1154 1020 1194 ae.
1045 1132 1101 1211 54
1125 1154 1195 1193 nam

106 1241 249 1320 profeetr'c
272 1243 446 1300 uoluntatem
469 1239 572 1299 tabuit
593 1261 650 1299 non
674 1249 803 1319 turpem,
828 1239 970 1297 remansio
992 1239 1196 1296 necessitatem

107 1348 194 1403 etiam
218 1347 372 1405 innectam.
417 1342 433 1420 5
454 1348 471 1401 5
495 1346 544 1401 An
567 1344 618 1400 ille
639 1345 829 1418 eipctuinret
849 1343 931 1400 illine
947 1339 1103 1399 ullomodo
1126 1360 1197 1398 eun·

109 1448 186 1517 dere,
216 1449 314 1506 Uticae
336 1465 418 1522 quarn
440 1447 562 1515 Itomae,
588 1463 651 1502 eum
674 1446 706 1502 Ρ.
725 1446 808 1502 Attio
832 1462 914 1521 quum
939 1462 1001 1500 eum
1023 1446 1197 1502 concordet-

108 1552 189 1608 eimic
211 1549 380 1628 fratribus,
414 1568 476 1606 eum
508 1549 613 1606 alienis
642 1567 703 1605 esse
733 1566 815 1624 quam
844 1565 906 1604 eum
934 1548 994 1604 suis
1018 1547 1197 1605 maluisset?

111 1651 186 1729 534
218 1653 365 1709 voluntate
398 1653 492 1727 igitur
523 1670 618 1709 omnes
648 1661 738 1709 tecum
759 1649 904 1729 suerunt,
942 1658 1108 1725 tempestate
1140 1651 1196 1709 ab·

111 1764 211 1831 reptos
242 1763 287 1812 est
314 1773 403 1812 unus:
438 1755 560 1832 quibua,
592 1753 618 1814 si
647 1753 758 1830 placet,
790 1753 905 1812 adicere
927 1759 1013 1828 potes
1039 1751 1114 1829 533
1139 1773 1195 1812 nos

111 1876 206 1914 ornnes
227 1857 411 1915 aduersarios
431 1866 555 1933 putare,
588 1859 647 1915 nisi
667 1859 718 1933 qui
737 1855 880 1915 nobiccum
904 1865 1014 1925 essent,
1046 1865 1073 1912 te
1095 1875 1196 1915 omnes

110 1963 161 2037 qui
181 1970 283 2018 eontra
308 1968 334 2017 te
355 1979 412 2017 non
434 1968 538 2029 essent,
565 1968 639 2016 tuos.
685 1960 725 2019 Et
747 1978 786 2018 ex
802 1978 844 2016 or.
860 1978 890 2034 p.
908 1958 1094 2018 Deiotaro
1117 1961 1193 2020 hab.

111 2063 244 2142 quinque
267 2063 317 2123 vel
339 2082 408 2135 sex,
430 2082 470 2122 sc.
495 2061 511 2139 5
530 2067 549 2119 2
572 2065 623 2138 qui
643 2081 755 2139 nepos
777 2080 880 2119 auum
903 2064 932 2119 in
955 2063 1063 2139 eapitis
1085 2062 1195 2120 ‹teteri-

113 2185 177 2222 men
200 2164 357 2223 adiuuerit
371 2165 723 2242 adulescentiaeque
744 2183 812 2222 suae
836 2174 973 2222 terrorem
996 2165 1130 2221 intulerit
1152 2169 1191 2237 ei,

115 2270 197 2325 euius
227 2277 455 2335 senectutem
486 2270 564 2326 tueri
590 2277 619 2324 et
646 2278 743 2344 tegere
769 2266 895 2325 debebat.
942 2266 1017 2343 513
1043 2277 1193 2341 postremo

114 2374 193 2429 uenit
214 2380 245 2428 ut
267 2369 492 2447 castigantem,
517 2390 573 2428 non
596 2381 630 2428 ut
649 2371 688 2428 ad
709 2373 910 2447 insequentem,
936 2370 967 2427 id
987 2379 1029 2427 est
1051 2371 1090 2426 nt
1109 2374 1193 2446 peri-

112 2474 174 2530 euli
193 2493 249 2530 reon
272 2471 309 2530 ad
336 2474 476 2529 victoriae
497 2475 670 2548 societatem.
716 2469 789 2549 517
821 2492 854 2529 en
877 2475 1001 2542 crimen,
1029 2492 1064 2529 en
1086 2493 1190 2545 eausa,

112 2594 165 2633 eur
180 2593 300 2650 regem
312 2573 532 2651 fugitivus,
552 2573 730 2632 dorntnum
746 2593 873 2631 seruus
889 2584 1014 2632 accuset.
1062 2574 1136 2653 530
1148 2576 1195 2653 fit

112 2679 141 2734 in
164 2678 311 2735 dominatu
332 2679 473 2746 servitus,
499 2678 527 2734 in
550 2678 687 2733 seruitute
709 2677 876 2734 dominatus.
923 2675 996 2754 535
1026 2680 1093 2737 Non
1116 2684 1193 2739 enim

110 2782 167 2836 iam
183 2788 285 2850 metuo,
311 2798 346 2836 ne
369 2788 404 2836 tu
426 2779 491 2838 iili
510 2797 689 2850 erteeenceas,
715 2781 789 2837 tttnt
810 2800 910 2838 uereor
932 2800 967 2838 ne
991 2781 1061 2838 tibi
1080 2782 1112 2839 il
1118 2782 1130 2838 l
1136 2802 1193 2841 um

112 2900 280 2940 sarecencere
302 2882 413 2958 alicuid
433 2885 597 2959 conpetere:
630 2882 739 2961 quibus
761 2883 835 2942 adde
858 2884 882 2942 si
905 2884 951 2943 via
973 2882 1048 2962 543
1070 2905 1193 2962 quorum

113 2984 234 3041 atterum
257 2992 357 3059 optare
379 2985 495 3043 otiorum
518 2986 703 3044 crudelitatis
718 2996 771 3056 est,
797 2987 920 3044 alterum
942 3006 1111 3045 conseruare
1133 2988 1165 3046 el
1181 3023 1194 3034 ·

116 3087 238 3143 montiae
261 3095 336 3142 tuae.

198 3187 262 3246 Iam
285 3188 359 3247 hacc
380 3188 446 3264 ipsa
468 3190 606 3266 exempla
627 3210 681 3265 per
696 3210 728 3248 se
746 3196 881 3265 spectata
903 3192 974 3251 satia
996 3199 1026 3253 te
1042 3195 1194 3256 docebunt

117 3310 187 3352 vere
208 3291 292 3350 tenui
314 3291 442 3370 quodam
466 3293 552 3351 modo
576 3293 703 3352 Tullium
734 3293 766 3351 in
789 3294 899 3354 nostris
921 3297 1106 3357 orationibus
1134 3300 1193 3359 hac

117 3392 214 3468 figura
240 3414 326 3452 usum
349 3412 422 3453 osse.
469 3394 656 3475 Quamquam
679 3397 772 3470 igitur
794 3397 847 3456 vix
870 3418 944 3474 opus
967 3418 1031 3458 esce
1053 3408 1193 3476 putamus

118 3496 354 3571 comparatione,
383 3501 482 3556 tamen
505 3499 554 3558 hic
577 3518 712 3578 quoque,
736 3518 826 3578 quam
849 3503 1071 3576 consuevimus,
1093 3505 1194 3579 ingre-

120 3597 234 3655 diemur
254 3598 349 3658 viam:
380 3599 438 3657 nisi
462 3602 542 3678 quod
564 3603 695 3661 numerio
721 3602 771 3661 hic
792 3606 984 3679 supersedere
1006 3626 1061 3665 nos
1084 3608 1194 3668 debere

119 3700 273 3774 oredimus,
297 3717 474 3781 quamquam
497 3703 528 3761 id
543 3706 574 3763 te
589 3703 716 3766 velimus
738 3705 983 3780 animadvertere,
1005 3709 1036 3766 in
1053 3728 1094 3767 or.
1112 3711 1193 3769 Phil.

189 3850 248 3919 110)
265 3867 323 3914 perc
341 3869 426 3904 cerum
446 3855 510 3903 inter
528 3850 642 3906 ἰσόκωλα
660 3862 684 3903 et
702 3851 880 3920 ὄμοιοτέλευτα
905 3859 1021 3907 nimirum
1045 3863 1126 3909 locum
1150 3865 1193 3912 ob-

118 3939 213 3988 tinebit

189 4023 248 4090 111)
266 4027 361 4077 uomit.
379 4027 423 4087 w,
443 4032 484 4078 aa.
520 4029 605 4088 Quint.
624 4028 670 4090 ut,
688 4029 712 4089 a,
730 4030 771 4078 aa.
