2602 4560
426 236 724 318 Ᾰ-59-

492 578 500 595 “
545 563 629 651 cap.
651 564 694 634 V.

465 687 518 738 De
534 687 775 740 marcelliana

168 823 228 882 (lut
259 823 337 884 hano
371 823 535 885 orationem
569 824 726 885 seiunctim
760 826 943 886 tractandam
977 831 1156 903 putaremus,

79 945 172 985 uuam
194 925 254 986 iam
275 946 365 1004 supra
386 946 503 988 causam
526 923 623 988 obiter
645 927 806 1003 attigimus.
850 928 908 988 Sed
936 949 1008 988 num
1036 928 1155 988 omnino

78 1029 156 1088 haee
178 1028 272 1090 oratio
294 1029 327 1087 in
348 1029 554 1090 tractationem
577 1035 708 1090 nostram
731 1030 867 1089 adhiberi
889 1030 999 1107 possit,
1030 1030 1158 1091 aliaest

80 1131 227 1211 quaestio,
250 1151 327 1212 quae
342 1133 392 1193 vel
413 1134 496 1210 prior
517 1134 557 1193 sit
571 1132 770 1193 diiudicanda.
814 1134 959 1193 Cohaeret
974 1135 1049 1192 hoec
1065 1152 1154 1213 quao-

80 1232 141 1293 stio
171 1253 236 1294 cum
266 1235 405 1310 dementi
434 1235 487 1295 illa
515 1234 641 1305 νοθείας
667 1241 754 1308 nota,
788 1255 877 1316 quam
899 1235 927 1294 ei
950 1235 1021 1295 olim
1048 1236 1157 1298 inussit

79 1336 163 1399 Frid.
177 1339 254 1414 Aug.
271 1337 406 1398 Wolfins.
449 1338 517 1399 Non
540 1345 593 1412 est,
616 1358 668 1398 cur
688 1342 849 1398 vereantur
870 1338 950 1414 regis
971 1337 1154 1414 philologiae

80 1459 199 1512 manes,
229 1459 267 1500 ne
289 1460 321 1499 se
343 1441 411 1517 plus
433 1442 525 1501 semel
545 1443 603 1500 iam
627 1441 793 1517 exagitatas
815 1441 911 1500 denuo
934 1435 1078 1518 ampliore'
1099 1440 1157 1500 dis·

80 1543 238 1622 putatione
259 1543 349 1604 velim
378 1544 525 1604 excitare:
556 1565 617 1604 nou
639 1562 687 1604 res
710 1543 782 1602 mihi
806 1547 852 1602 est
874 1563 939 1603 cum
961 1543 1036 1620 ipso.
1080 1542 1155 1601 Nam

78 1646 155 1705 illud
177 1645 301 1706 etmihi
324 1647 420 1706 habeo
442 1665 615 1723 persuasum
637 1666 692 1706 nec
713 1647 759 1719 iis,
783 1646 835 1726 qui
857 1646 945 1706 aliter
966 1645 1106 1717 sentiant,
1130 1644 1155 1703 si

80 1749 202 1830 quidem
224 1753 310 1824 sunt,
333 1750 510 1826 persuadere
533 1751 663 1810 conabor
686 1755 737 1809 aut
759 1753 890 1809 nostram
914 1748 1078 1808 orationem
1101 1749 1153 1805 aut

80 1849 193 1911 nullam
210 1853 339 1925 omnino,
363 1873 439 1933 quac
460 1853 555 1914 fertur
577 1855 632 1912 sub
651 1852 771 1914 nomine
786 1851 931 1926 Tulliano,
954 1871 1074 1913 revera
1092 1870 1156 1911 esso

82 1954 327 2035 Ciceronisffl).
378 1955 436 2015 Sed
466 1956 556 2016 etiam
593 1955 744 2035 plerisque
772 1953 863 2016 wolfi
896 1954 1081 2035 aliorumque
1110 1973 1156 2014 ro-

82 2056 333 2134 prehensionibus
363 2059 485 2118 remotis
507 2058 655 2135 permulta
675 2064 775 2118 tamen
796 2058 892 2117 adhuc
914 2058 1090 2136 quibusdam
1111 2076 1157 2116 rc-

81 2179 203 2219 manare
224 2160 404 2222 videbantur
426 2167 456 2221 et
478 2162 510 2220 in
532 2161 632 2222 verbis
654 2166 685 2221 ct
706 2161 738 2219 in
761 2160 933 2234 sententiis,
964 2179 1041 2241 quae
1063 2160 1156 2218 offen-

82 2263 202 2322 derent:
234 2269 267 2325 ut
289 2264 491 2323 Eberhcrdius
520 2264 552 2323 in
574 2263 757 2341 praefatione
788 2261 927 2323 editionis
948 2262 1157 2323 Richterianee

80 2366 190 2426 iterum
211 2386 230 2425 a
244 2387 275 2426 se
291 2373 409 2427 curatae
431 2368 504 2427 haec
526 2367 599 2427 dicit
620 2387 649 2443 p.
668 2370 721 2425 11:
743 2366 895 2442 ,Dagegen
917 2365 983 2426 sind
1008 2365 1060 2424 der
1081 2363 1157 2440 logi-

82 2471 173 2530 schen
196 2471 257 2529 und
279 2470 332 2529 der
354 2470 560 2546 sprachliohen
584 2474 728 2530 Anstiisse
751 2489 783 2528 so
805 2468 899 2543 viele,
923 2470 984 2528 und
1007 2469 1059 2527 das
1081 2468 1156 2540 Bild,

82 2573 134 2632 das
156 2591 217 2633 von
239 2572 342 2633 (liceto
363 2575 499 2650 gegeben
520 2573 612 2647 wind,
644 2574 685 2633 ist
706 2572 754 2632 ein
778 2593 811 2632 so
832 2571 1059 2644 bedenkliches‚
1092 2571 1158 2631 dass

82 2695 136 2735 aus
157 2675 396 2751 pidagogischen
419 2677 560 2737 Griinden
584 2676 632 2736 die
654 2676 840 2752 eingehende
858 2675 1030 2751 Erkl’a'rung
1051 2675 1083 2733 in
1106 2675 1158 2733 der

81 2779 188 2839 Klusse
209 2777 295 2839 nicht
308 2780 570 2857 empfehlenswert
584 2777 836 2853 erscheint144).‘
878 2778 921 2838 cf.
938 2776 1027 2837 otiam
1043 2775 1155 2836 Kelleri

151 3003 212 3069 14³)
229 3004 268 3052 Ne
280 3005 335 3064 quia
353 3018 392 3052 me
410 3008 498 3064 arguat
516 3009 543 3050 ut
561 2997 635 3051 nimis
653 3001 805 3062 petulantem
822 3015 958 3062 parumque
969 2999 1153 3049 verecundum:

83 3089 243 3151 quiquidem
259 3090 308 3138 viri
324 3088 530 3152 praestantissimi
556 3088 672 3136 eximium
696 3088 838 3148 sagacitatis
862 3093 887 3135 et
904 3087 1031 3136 doctrinae
1057 3087 1156 3134 modum

83 3176 156 3225 etiam
174 3183 227 3224 tum
244 3190 293 3223 uon
312 3190 413 3236 possum
431 3189 481 3223 uon
499 3175 598 3234 mirari,
624 3174 666 3223 ubi
684 3175 843 3224 manifestum
861 3176 894 3222 sit
911 3176 976 3223 male
994 3188 1023 3220 ea
1041 3187 1095 3221 esse
1113 3172 1155 3219 ad·

82 3263 168 3312 hibita.
204 3264 256 3311 Nec
281 3277 341 3310 vero
368 3263 449 3311 lacere
474 3277 587 3322 possum,
617 3265 677 3324 quin
703 3266 778 3326 plaue
803 3279 843 3311 me
869 3263 1051 3322 conspirantem
1079 3260 1157 3306 tamar

82 3350 244 3411 ascriptorem
261 3349 314 3396 eius
332 3349 481 3406 sententiae,
508 3363 581 3408 quam
599 3349 641 3396 Fr.
660 3349 791 3396 Richterus
808 3350 834 3396 in
852 3348 959 3397 editione
976 3350 1047 3394 oratt.
1067 3345 1156 3392 (laesa-

81 3436 208 3485 riauarum
219 3435 258 3483 his
271 3435 400 3495 proposuit
409 3434 508 3483 verbis:
526 3435 594 3494 ‚Used
608 3437 670 3482 scot
686 3436 758 3493 metr,
777 3435 816 3481 iot
832 3432 918 3494 plaude
934 3432 996 3480 osolt
1008 3431 1079 3490 nicht,
1098 3432 1157 3480 dass

86 3521 154 3584 Wolf
173 3521 224 3570 scies
244 3521 321 3568 Urtesl
343 3527 408 3569 emet
430 3520 529 3580 decutet
553 3523 602 3568 tat.
639 3522 693 3568 Dos
715 3521 762 3568 tese
779 3519 818 3567 ich
835 3535 880 3566 aas
897 3519 949 3566 dem
967 3517 1063 3566 Sotiates
1080 3519 1157 3566 seioer

86 3605 205 3656 Vosrade:
229 3622 260 3655 ea
277 3608 300 3655 si
317 3607 466 3668 displicuerit
488 3607 610 3667 condicto,
636 3607 705 3654 eelim
723 3607 770 3654 sits·
781 3606 947 3667 persuadeant
962 3605 1059 3653 lectores
1077 3611 1158 3652 owmet

79 3693 159 3755 ipsam
175 3693 281 3756 coempto
293 3693 375 3741 Roscii
389 3707 437 3741 noo
453 3709 502 3740 ress
519 3695 608 3742 semem
625 3709 704 3754 apere,
722 3694 766 3741 sed
780 3692 885 3742 rectiore
895 3693 1001 3740 edoctum
1013 3691 1092 3738 niodo
1103 3705 1156 3737 osea

82 3780 181 3829 caedere
198 3779 235 3828 vel
250 3781 294 3828 hoc
310 3786 383 3827 totum
399 3794 471 3838 penos
489 3781 626 3828 orticosam
644 3780 803 3840 sospiaooum
819 3795 848 3828 sse
860 3780 886 3826 in
897 3779 1060 3839 imperiosum
1071 3790 1156 3823 manus

81 3867 177 3925 vocem,
196 3865 335 3914 cavillando
346 3865 440 3912 eludere
452 3865 567 3914 voluime:
585 3868 656 3914 ettam
673 3868 733 3914 haec
746 3874 851 3927 possunt
860 3865 928 3925 fieri,
946 3869 969 3910 et
986 3878 1065 3910 ocra
1083 3869 1157 3910 sant

82 3953 256 4011 interdum,
276 3967 357 4011 quae
374 3967 434 3999 non
451 3959 524 3998 suos
540 3951 759 4000 verisisnilim‘

153 4035 214 4101 lat)
231 4039 335 4086 Nos-
352 4044 380 4084 ut
396 4037 523 4099 paululum
542 4052 557 4085 a
573 4039 675 4099 propria
692 4051 766 4086 causa
784 4037 925 4085 aberremus
944 4062 978 4071 -
995 4050 1027 4082 ne
1044 4035 1091 4082 hoc
1103 4035 1156 4094 qui·

83 4123 139 4172 dem
156 4123 214 4171 huic
231 4123 319 4172 editori
337 4123 493 4172 concedimus
511 4123 638 4174 Ciceronis
662 4138 743 4173 mores
768 4139 799 4172 ex
817 4124 863 4172 hac
887 4121 997 4171 oratioue
1023 4121 1157 4172 deteriores
