2602 4560
453 176 730 288 923*

171 381 224 436 lix
246 380 395 449 Philipp.
418 383 460 437 V.

173 479 190 558 5
212 484 247 538 11
274 480 428 551 ,Calebant
444 481 473 539 in
490 481 629 538 interiore
646 479 758 538 aedium
776 490 865 558 purte
882 483 970 538 totins
987 480 1164 558 respublicae

84 584 255 642 nundinae‘
301 581 376 660 520
399 585 428 641 in
451 603 494 640 me
509 583 651 641 absentem
668 585 826 641 orationem
848 603 950 641 cuore
971 585 1163 661 impurissimo

85 687 234 744 euomuit‘
278 686 349 745 ibid.
381 704 442 743 cum
473 694 565 744 autem
596 685 684 743 semel
708 686 838 762 gladium
868 685 975 744 scelere
1004 685 1161 745 imbuisset.

86 788 159 866 537
184 791 213 847 in
232 788 359 847 omuibus
381 790 511 846 consilir's
531 807 669 865 praeceps
691 798 720 846 et
740 789 849 848 moins.
895 789 967 848 ibid.
992 809 1048 848 non
1071 791 1163 847 solum

85 911 149 951 cum
177 894 307 950 enereitu
334 911 403 962 suo,
436 891 488 949 scel
506 894 592 950 etiam
615 911 677 949 curn
702 895 781 950 omni
801 894 978 951 immanitate
1007 892 1163 951 barbariae

85 994 189 1052 bellum
211 993 321 1074 inferre
342 994 434 1052 nobis.
480 994 551 1053 ibid.
576 1004 608 1052 ut
628 996 690 1052 eius
703 993 841 1073 furorem
863 1016 899 1054 ne
913 995 1031 1072 Alpium
1050 997 1162 1072 qui'dem

87 1116 167 1155 muro
195 1098 326 1156 cohibere
351 1115 510 1172 possemus.
558 1096 636 1175 550
666 1099 846 1174 cupiditatem
869 1100 1036 1157 dominandi
1051 1100 1164 1175 praeci·

82 1202 171 1278 pitem
193 1209 223 1257 et
244 1199 392 1258 lubricam.

169 1307 224 1362 Ex
245 1306 394 1374 Philipp.
416 1305 475 1363 VI.

171 1403 188 1482 5
213 1409 248 1463 11
280 1406 336 1462 tam
357 1401 425 1482 sert
452 1405 480 1462 in
512 1406 602 1462 oculis
631 1404 684 1481 (so.
714 1404 917 1482 Trebellium).
963 1404 1037 1484 514
1068 1409 1165 1465 iacent

84 1507 221 1585 beneficia
244 1508 394 1566 Nuculae.-
417 1505 519 1585 sriget
537 1517 679 1584 patronus
700 1510 858 1567 Antonius.
905 1507 980 1586 517
1001 1529 1161 1586 paucorum

85 1612 241 1670 molestiam
264 1613 408 1669 devorate.

169 1719 224 1774 lix
245 1718 393 1786 Philipp.
416 1717 494 1773 VII.

171 1817 225 1896 52
254 1826 382 1876 senatum
412 1816 512 1874 dolent
537 1817 578 1874 ad
602 1818 787 1874 auctoritatis
814 1820 957 1895 pristinae
984 1837 1061 1896 spem
1088 1822 1162 1878 reui-

84 1941 205 1980 rescere.
255 1920 271 1999 5
294 1926 310 1980 5
336 1930 368 1978 ut
389 1940 483 1978 omnes
505 1921 624 1996 asgiltbs
649 1961 705 1977 ...
730 1923 759 1979 in
781 1922 978 2000 reipublicae
999 1925 1093 1983 salute
1114 1926 1163 1982 de·

74 2025 198 2102 figeret.
246 2024 263 2104 5
287 2031 304 2082 8
339 2026 494 2099 ,Quoncbm
525 2024 798 2100 periculosissimum
833 2027 925 2084 locum
955 2028 1069 2085 silentio
1101 2045 1162 2083 sam

82 2133 312 2206 praeteruectus‘
343 2126 497 2203 (allegoria
526 2130 644 2203 sumpto
673 2147 691 2186 a
720 2147 752 2186 re
783 2129 926 2206 nautica).
974 2128 1048 2207 519
1078 2133 1161 2207 pacis

85 2234 198 2288 nomme
216 2229 318 2288 bellam
340 2231 496 2288 maalmam
518 2227 682 2307 resormtilo.
729 2228 801 2307 521
826 2251 862 2289 ne
883 2236 1082 2308 coagmentari
1100 2235 1162 2310 qai-

85 2334 146 2390 dcm
172 2351 260 2408 posse
286 2351 395 2409 pacem.
441 2332 515 2412 527
547 2342 666 2391 taetram
689 2342 717 2390 et
735 2333 905 2412 pestfferom
929 2334 1038 2393 beluam
1060 2338 1096 2393 ne
1118 2338 1162 2393 in-

85 2437 195 2494 clusam
217 2444 246 2493 et
267 2437 448 2494 constrictam
471 2437 621 2494 dimittatis
643 2445 749 2495 cavete.

172 2542 227 2597 lix
249 2542 398 2611 Philipp.
420 2542 516 2600 VIII.

170 2641 244 2718 510
273 2644 400 2700 Antonii
427 2644 521 2719 igitur
546 2645 689 2719 promissa
718 2651 849 2700 cruenta.
896 2641 970 2721 515
999 2646 1095 2702 sicin
1118 2648 1166 2703 rei

81 2743 216 2821 publicae
237 2764 371 2822 corpore,
397 2755 429 2803 ut
451 2755 538 2803 totum
561 2747 670 2803 saluum
692 2748 742 2816 sit,
766 2745 906 2822 qut'dquid
921 2755 965 2804 est
982 2745 1161 2826 pestiferum,

84 2855 253 2923 amputetur.
300 2846 376 2925 520
400 2851 547 2907 tormentis
564 2839 707 2909 Mutiisam
728 2847 898 2905 uerberauit.
945 2848 1019 2907 ibid.
1038 2869 1074 2907 ne
1086 2870 1161 2926 pun-

83 2959 157 3008 ctum
179 2951 289 3028 quidem
314 2954 471 3027 temporis.
489 2953 710 3029 ..oppugnatio
733 2953 897 3027 respiravit.
945 2950 1021 3030 523
1043 2962 1161 3011 senatus

83 3055 156 3111 enim
178 3053 291 3133 facicm
320 3073 414 3112 seeum
444 3056 593 3113 attulerat.
640 3053 715 3133 526
747 3057 927 3112 centuriones
953 3074 1104 3132 pugnaees
1133 3066 1162 3114 et

83 3157 250 3214 lacertosos.

167 3264 222 3318 Ex
245 3263 393 3332 Philipp.
416 3264 458 3321 X.

170 3361 187 3439 5
207 3368 224 3419 8
250 3365 272 3419 0
288 3363 481 3438 spectaculum
498 3363 573 3421 illud
590 3404 597 3420 .
615 3405 623 3419 .
640 3405 646 3420 .
666 3363 749 3421 unds's
768 3364 838 3439 ipsis
854 3372 882 3420 et
897 3363 1032 3421 litoribus
1049 3364 1160 3421 luctuo-

81 3484 154 3524 sum.
204 3463 255 3542 59
279 3475 352 3523 esset
373 3468 418 3525 ael
437 3468 648 3543 receptaculum
667 3467 753 3543 pulso
775 3467 904 3524 Antonio
928 3467 975 3524 oet
994 3484 1088 3542 agger
1110 3485 1160 3543 op-

80 3568 256 3646 pugnandae
278 3569 383 3627 Italiae
401 3570 536 3628 Graecia.
582 3570 654 3629 ibid.
681 3572 802 3628 Graecia
826 3571 918 3627 tendit
938 3571 1085 3628 dexteram
1100 3572 1161 3629 Ita-

83 3674 151 3730 liae.
206 3669 223 3748 5
251 3675 286 3730 11
323 3675 476 3730 retinentes
509 3675 694 3731 extrusimus.
749 3672 765 3751 5
796 3678 831 3732 18
864 3674 1011 3732 seruitutis
1044 3675 1159 3731 uincula

83 3794 226 3851 rumpere.
274 3774 291 3853 5
315 3780 352 3834 21
387 3776 579 3834 Concurritur
607 3777 729 3853 undc‘que
761 3777 800 3834 od
828 3795 973 3834 commune
1002 3775 1158 3835 incendium

84 3879 329 3955 restibguenalum.

168 3985 222 4041 Ex
243 3984 392 4053 Philipp.
413 3985 473 4041 XI.

170 4082 187 4162 5
206 4089 219 4143 l
244 4086 385 4144 scelerata
402 4104 497 4145 arma.
543 4083 594 4162 52
616 4104 681 4143 ecce
696 4085 751 4143 tibi
760 4085 903 4162 gemebam
922 4087 951 4143 in
966 4085 1074 4143 scelere
1088 4104 1156 4163 par.
