2602 4560
587 198 800 263 ..20-

241 357 278 414 In
300 354 433 414 oratione
455 373 509 430 pro
531 356 691 413 Deiotaro
711 357 790 414 hab.
812 352 886 411 haec
907 350 1060 427 exemplo:

242 454 258 534 5
281 461 298 514 8
324 455 397 535 fore
415 455 575 533 putabant,
608 463 641 512 ut
662 457 690 512 in
713 455 879 512 eauteuato
902 457 996 511 auimo
1017 450 1114 530 facile
1128 450 1241 526 fictum

156 561 264 617 crimen
295 560 441 616 insideret.
488 556 564 634 514
597 558 666 630 ,sue‘s
697 559 787 615 teetrs‘
817 558 860 618 ait
888 577 942 634 pro
973 556 1034 614 suis
1062 554 1239 614 domiciliis.

157 660 229 738 515
254 662 376 719 omnium
396 662 524 736 gentium
547 668 633 736 atque
651 660 740 716 omnis
757 662 908 728 memoriae
926 659 1118 716 clarissimum
1142 656 1241 715 lumen

155 765 349 839 custeuguere.
390 760 406 840 5
429 767 464 820 19
495 781 532 819 an
556 763 709 819 Deiotarus
736 780 769 818 re
792 763 844 820 illo
874 771 997 837 tempore
1023 779 1079 816 non
1099 757 1240 837 perfecta

156 867 292 923 contiuuo
314 864 422 923 dimisit
443 867 599 922 exercitum
623 863 749 942 (scilicet
771 883 872 925 servos
893 860 1114 938 insidiatores)?
1155 860 1171 939 5
1194 867 1239 932 22

156 970 185 1026 in
208 968 331 1045 speculis
345 966 445 1046 fuisse
466 986 586 1043 semper.
617 965 689 1044 526
713 968 777 1024 virm
799 985 830 1023 se
852 965 990 1023 obruisse.
1016 963 1088 1042 529
1113 964 1243 1023 ardebat

154 1072 261 1128 studio.
295 1069 368 1147 530
391 1087 446 1126 ren
467 1071 541 1126 enim
565 1070 717 1126 Deiotarus
740 1077 861 1126 uestram
875 1067 1021 1147 familiam
1044 1066 1184 1125 abiectam
1209 1079 1243 1126 et

158 1173 308 1230 obscuram
331 1193 346 1228 e
370 1169 491 1228 tenebris
514 1174 543 1229 iu
567 1171 656 1229 liccem
679 1173 818 1228 euocauit.
854 1169 929 1248 532
952 1169 1160 1247 domesticaque
1183 1173 1240 1228 im-

156 1276 293 1332 manitate
315 1283 432 1331 nostrae
452 1274 578 1331 orbitatis
600 1273 802 1331 humanitatem
827 1275 1004 1350 inquinaris.
1041 1269 1117 1348 533
1140 1283 1170 1330 et
1193 1279 1239 1332 34

156 1379 213 1436 duo
235 1376 385 1437 illusionis
407 1375 553 1450 exempla.
584 1374 656 1453 537
682 1376 807 1432 Senatus
829 1394 895 1432 uero
918 1374 1026 1432 iudicia
1049 1375 1082 1431 de
1105 1375 1158 1434 illo
1176 1417 1183 1431 .
1201 1418 1236 1434 ..

155 1480 315 1556 honorifica
341 1521 396 1536 ...
421 1497 492 1555 quae
515 1496 637 1554 unquam
659 1486 784 1534 uetustas
806 1475 914 1536 obruet.

241 1584 289 1642 Ex
320 1581 427 1641 ceteris
458 1580 642 1639 cretionibus
672 1599 732 1638 non
763 1599 865 1639 omnes
895 1579 1036 1639 nimirum
1066 1584 1170 1655 tropos
1202 1583 1240 1639 in

157 1685 379 1746 contentionem
394 1703 501 1744 vocare
516 1703 681 1761 possumus,
705 1684 755 1742 sed
779 1683 939 1743 nonnullos
961 1689 1077 1743 tantum
1099 1703 1138 1741 ex
1160 1703 1240 1743 una·

156 1808 274 1868 queque
298 1789 433 1848 oratione
456 1786 581 1860 electos,
604 1791 638 1845 ut
659 1787 702 1845 ita
724 1786 833 1860 dicam,
858 1787 1083 1862 antesignanos,
1107 1806 1239 1864 quorum

156 1892 229 1971 quin
259 1910 399 1950 numerus
425 1889 513 1948 facile
540 1889 636 1966 possit
665 1889 766 1963 augeri
796 1890 945 1948 neminem
976 1909 1063 1966 spero
1091 1890 1156 1948 fore
1181 1892 1238 1970 qui

157 1995 281 2054 dubitet.
1060 1996 1063 2001 ’

242 2099 386 2172 (tompore
407 2095 499 2172 igitur
521 2115 561 2155 ex
581 2099 769 2157 Miloniana
791 2097 880 2156 haec:

242 2201 294 2280 52
325 2211 417 2262 tamen
440 2223 475 2261 ne
497 2223 553 2261 aon
577 2205 677 2260 timere
699 2204 808 2280 quietem
830 2204 891 2261 sine
913 2202 1010 2279 aliquo
1041 2205 1141 2259 timore
1165 2223 1238 2280 pos-

154 2308 242 2363 simus
265 2302 466 2384 (oxymoron).
511 2305 563 2384 53
587 2326 658 2384 quos
679 2305 712 2364 P.
732 2306 829 2364 Clodii
840 2304 934 2384 furor
951 2306 1063 2381 rapinis
1085 2315 1113 2363 et
1135 2308 1239 2366 ineen-

155 2410 211 2466 diis
240 2418 268 2466 et
296 2409 424 2466 omnibus
452 2411 550 2467 exitiis
575 2408 703 2486 publicis
727 2411 821 2486 pauit.
869 2408 923 2486 55
956 2409 1092 2485 Equidem
1121 2418 1239 2468 ceteras

156 2520 337 2589 tempestates
358 2521 389 2568 et
404 2513 553 2588 proeellas
582 2515 611 2569 in
634 2512 696 2570 illis
725 2513 878 2569 dumtanat
898 2510 1042 2588 fluctibus
1071 2513 1238 2571 contionum

155 2634 266 2690 seraper
290 2616 396 2691 putaui
419 2614 526 2672 Miloni
545 2634 606 2672 esse
627 2614 788 2674 subeundas
818 2612 994 2691 (allegoria).
1041 2613 1057 2692 5
1080 2621 1117 2673 12
1147 2615 1238 2676 buius

156 2716 283 2776 ambusti
303 2716 413 2775 tribuni
434 2718 504 2774 illae
527 2720 733 2776 intermortuae
760 2720 920 2776 conciones.
970 2715 1045 2795 518
1074 2738 1150 2776 nuno
1178 2723 1238 2778 eis-

156 2821 215 2878 dem
238 2821 354 2897 Appiae
375 2840 474 2879 noruen
498 2830 621 2898 quantas
644 2822 811 2897 tragoedias
833 2824 952 2879 eneitat.
1002 2821 1078 2900 532
1097 2820 1238 2900 sortasse

158 2927 206 2982 utu
226 2934 346 3000 possent
357 2923 508 3001 frangere
536 2927 659 2984 bominis
687 2927 906 2984 sceleratissimi
929 2925 1148 2984 corroboratam
1177 2928 1237 2984 tum

157 3036 298 3085 vetustate
318 3028 479 3085 audaciam.
528 3026 603 3106 533
627 3039 740 3087 uestrae
759 3031 988 3107 peregrinantur
1009 3048 1105 3087 aures.
1144 3030 1184 3089 ib.
1208 3033 1239 3088 si

157 3131 235 3206 leges
257 3131 446 3188 nominandae
467 3139 536 3189 sunt
556 3151 591 3189 ac
612 3152 667 3190 nou
686 3132 776 3210 faces
799 3130 896 3203 urbis,
926 3140 1021 3209 pestes
1049 3133 1234 3209 reipublicae.

158 3233 198 3291 ib.
239 3243 345 3303 ,movet
374 3253 416 3291 me
448 3235 540 3292 lumen
571 3236 702 3293 curtae‘:
741 3237 778 3293 ad
813 3253 889 3314 quae
921 3237 1067 3296 Asconius
1098 3239 1237 3300 adnotat:

158 3336 234 3408 ,Hoc
264 3341 309 3395 est
330 3335 398 3395 Sex.
421 3335 557 3411 Clodius,
593 3357 682 3417 quem
711 3338 743 3396 in
772 3343 946 3413 argumento
975 3340 1063 3400 huius
1092 3341 1238 3403 orationis

160 3437 291 3496 diximus
314 3458 422 3515 corpus
440 3440 534 3499 clodii
557 3440 590 3498 in
613 3441 723 3501 curiam
745 3439 880 3500 attulisse
903 3445 934 3500 et
953 3442 996 3501 ibi
1019 3463 1163 3504 cremasse
1186 3465 1237 3504 eo-

161 3559 218 3618 que
247 3540 369 3600 incenso
399 3542 510 3601 curiam
541 3545 752 3619 conflagrasse3
783 3544 850 3602 ideo
881 3543 981 3604 lumen
1012 3547 1111 3605 curiae
1139 3547 1239 3608 dixit.‘

158 3641 231 3700 ibid.
270 3653 428 3712 ,cruentum
458 3646 581 3703 raderer
689 3647 893 3726 infelicissimis
917 3627 1006 3724 lignes
1027 3652 1236 3710 semustilatum

161 3746 310 3803 nocturnis
339 3747 458 3805 canibus
488 3749 682 3807 dilaniandum
705 3751 881 3828 reliquisti‘:
911 3751 1113 3812 animadverte
1135 3754 1166 3811 in
1189 3755 1238 3815 his

162 3846 400 3908 coniunctionem
424 3851 620 3928 complurium
649 3856 818 3930 troporum,
848 3855 974 3931 epitheti
998 3855 1029 3912 in
1057 3855 1237 3926 ,infelicissi-

160 3949 217 4009 mis
245 3950 345 4027 lignis‘
373 3958 404 4012 et
426 3955 551 4032 duplicis
574 3956 753 4033 hyperboles
776 3957 807 4015 in
830 3956 1129 4035 ,semustilatum‘⁸²)
1152 3962 1237 4020 etin

229 4085 273 4154 82)
292 4089 356 4149 ‚Von
381 4091 449 4138 einer
474 4092 574 4141 solehen
600 4091 692 4141 helbon
710 4093 891 4155 Verbrennung
909 4094 981 4142 weiss
1003 4093 1095 4153 jedoch
1114 4097 1237 4145 Asconius
