2602 4560
576 206 788 274 ,10-

236 364 332 438 XHI,
357 370 396 422 26
430 384 593 442 corycus
614 391 657 417 ===
678 358 830 442 κώρυκος,
862 385 890 424 v.
914 364 1028 423 Halmii
1057 366 1125 423 adn.
1153 364 1222 423 crit.

147 466 295 526 Nimirum
318 467 409 527 semel
431 469 628 544 adsumptum.

234 569 403 649 Sequuntur
425 571 578 643 nonnulla,
602 590 677 650 quae
700 590 761 628 non
783 570 877 645 magis
898 569 1014 646 volgari
1038 589 1125 649 0000

359 756 394 804 11.
430 756 568 805 rumiliaci
586 757 698 806 sermoni
715 757 840 806 ridentur
857 756 1004 805 tribuenda.

230 879 298 937 Huc
320 879 470 954 pertinere
492 883 564 955 puto
587 879 660 938 haec
681 878 846 955 pleonasmi
869 877 1019 937 cuiusdam
1043 878 1198 952 exempla:

229 980 296 1038 Mil.
315 986 354 1038 30
378 981 480 1041 01001
586 982 649 1040 110.
695 983 777 1040 Phil.
794 981 836 1053 Π,
853 981 892 1038 70
915 981 991 1039 0101
1014 980 1055 1039 si.
1100 980 1142 1038 ib.
1158 982 1218 1039 107

143 1082 297 1142 interea
314 1126 321 1141 .
339 1126 345 1141 .
363 1125 370 1140 .
390 1085 481 1143 dum.
512 1085 582 1161 imp.
600 1085 704 1162 Pomp.
726 1090 778 1157 133
801 1089 857 1155 23;
883 1088 920 1141 51
945 1083 1220 1142 1000101-10-

144 1185 303 1261 00026),
334 1186 443 1265 quibus
464 1186 538 1246 locis
559 1187 618 1245 iam
641 1189 677 1247 ab
700 1186 888 1248 Hellmuthio
911 1185 1058 1261 congestis
1080 1186 1130 1260 (cf.
1154 1185 1222 1244 eius

144 1286 259 1347 dissert.
284 1287 319 1365 ἐξ
340 1288 392 1346 70.
408 1288 460 1347 71.
475 1288 528 1368 73)
548 1289 624 1350 adici
646 1290 824 1366 potestleg.
841 1309 903 1365 agr.
919 1289 945 1362 I,
965 1293 1001 1348 13
1023 1287 1219 1348 simillime

145 1396 337 1470 ...01000
358 1391 469 1469 0117).

228 1493 312 1552 Idem
335 1494 540 1557 Hellmuthiue
561 1516 590 1572 0.
613 1501 651 1555 36
681 1475 846 1576 nullius
861 1492 1047 1571 pronominis
1075 1493 1220 1569 simplicis

144 1597 312 1670 negationis
342 1598 407 1657 1000
436 1599 570 1676 usurpati
600 1599 715 1679 aliquot
737 1598 874 1676 exempla
896 1618 935 1657 cx
957 1598 1107 1658 Ciceronis
1130 1601 1217 1655 oratt.

142 1700 284 1775 protulit:
306 1718 344 1757 ax
366 1701 476 1761 nostris
498 1701 683 1762 orationibus
704 1702 736 1760 hi
758 1702 816 1762 loci
839 1702 897 1761 huo
919 1701 1024 1760 referri
1047 1706 1190 1777 possunt:

227 1802 307 1861 Phil.
324 1803 392 1875 VH,
411 1804 448 1862 27
472 1805 634 1864 auctoritas
655 1810 755 1867 vestra
777 1824 865 1884 quam
888 1803 1035 1862 nullam
1057 1802 1218 1860 habebi-

143 1905 204 1963 tis.
236 1905 276 1978 X,
293 1911 333 1964 22
356 1926 417 1964 000
440 1907 519 1966 enim
541 1909 573 1966 in
595 1908 704 1984 spiritu
725 1908 788 1968 vitu
812 1911 872 1978 est,
905 1907 956 1965 sed
979 1904 1219 1965 0000110001

142 2008 265 2067 omnino
288 2009 441 2070 servienti.
473 2010 564 2082 XIII,
583 2011 599 2069 7
624 2011 716 2069 otium
739 2008 938 2069 incolumibus
958 2008 1007 2068 his
1030 2028 1112 2067 esse
1135 2007 1218 2065 001-

142 2109 219 2168 100
241 2117 349 2187 001001.
379 2113 420 2172 ib.
440 2117 478 2170 23
503 2132 590 2192 0000
613 2118 648 2172 10
670 2112 803 2172 ordinem
819 2112 940 2171 omnino
962 2130 1047 2171 esse
1069 2111 1218 2169 nullum

141 2218 238 2289 putas.
261 2216 347 2289 XIV,
359 2220 396 2275 18
412 2217 448 2277 de
464 2216 655 2277 contentione
671 2215 855 2293 principatus
869 2215 993 2288 laborat,
1016 2233 1092 2294 quae
1105 2213 1219 2279 nulla

142 2334 223 2375 esse
246 2319 368 2378 debet.
398 2319 438 2377 ib.
457 2325 496 2377 23
521 2318 698 2396 supplicatio
720 2319 833 2379 Cinnae
856 2317 963 2378 nulla
984 2316 1163 2393 victorin).

227 2420 380 2478 Familiari
403 2421 518 2480 cuidam
539 2422 733 2502 liberiorique
764 2421 881 2481 dicendi
903 2420 1006 2496 generi
1035 2421 1161 2479 fortasse
1182 2421 1215 2478 hi

141 2522 199 2580 duo
223 2542 342 2602 quoquc
364 2522 421 2583 loci
444 2528 570 2600 possunt
590 2524 713 2597 ascribi,
746 2523 849 2603 quiin
871 2523 1035 2587 Miloniana
1056 2523 1216 2584 inveniun-

140 2630 197 2698 tur,
220 2644 327 2702 nempe

227 2726 244 2806 5
264 2734 280 2786 5
303 2748 397 2807 rpem
419 2730 528 2787 nullom
551 2748 612 2787 esse
634 2729 783 2788 habituros
798 2730 918 2788 Milonis
933 2730 1065 2787 mimicos
1087 2730 1133 2786 ad
1152 2731 1216 2786 eius

143 2833 338 2889 ...salutem
360 2833 611 2908 easeaeaguendam:
646 2853 735 2913 quam
764 2833 945 2894 locutionem
977 2836 1069 2909 ‘spem
1100 2833 1212 2890 habere

140 2931 178 2992 01
200 2929 321 3013 aliquid’
350 2953 446 2994 raram
468 2953 532 2995 esse
547 2936 685 2995 Halmius
708 2938 744 2995 ad
767 2937 796 2995 h.
811 2937 830 2995 1.
854 2938 941 2996 docet
962 2954 1017 2995 nec
1039 2934 1110 2994 novi
1131 2934 1216 3011 equi-

140 3035 206 3093 dem
228 3035 326 3095 locum
348 3037 438 3096 01100
461 3057 549 3116 0000
573 3061 638 3099 000
660 3044 762 3100 nostro
786 3058 988 3116 comparemus
1016 3055 1103 3114 0000
1126 3055 1214 3115 0000

138 3138 198 3196 100
226 3137 363 3199 Halmius
392 3141 492 3201 attulit
517 3161 558 3200 ex
579 3162 625 3218 00.
649 3145 685 3202 ad
708 3147 772 3202 Att.
791 3142 866 3214 XV,
890 3145 944 3212 20,
968 3145 986 3196 2
1017 3146 1125 3196 tantam
1153 3142 1218 3214 spei

138 3238 244 3298 tutent
265 3242 305 3298 ud
324 3245 469 3301 uouendum
492 3254 626 3322 quantam
650 3255 824 3322 acceperunt
844 3243 881 3302 ab
903 3245 1040 3301 Antonio.

225 3349 255 3403 et
277 3345 350 3423 §63
373 3345 459 3404 multi
478 3349 565 3405 ctiam
588 3349 742 3406 Catilinam
771 3357 856 3424 utque
884 3346 935 3404 1110
960 3352 1096 3423 portentu
1119 3345 1212 3421 loque-

140 3445 256 3504 bantur.
304 3448 353 3508 Sic
368 3451 586 3513 substantivum
603 3450 711 3512 obiecti
730 3455 836 3510 tenens
853 3450 951 3509 locum
972 3451 1049 3526 apud
1071 3447 1214 3529 loquendi

138 3551 262 3608 verbum
284 3551 317 3609 in
340 3553 525 3614 orationibus
540 3554 660 3633 quidem
683 3574 829 3634 nusquam
852 3554 910 3613 nisi
933 3559 1035 3614 nostro
1058 3552 1213 3613 invenitur

208 3735 251 3804 20)
269 3753 343 3799 0000
366 3741 546 3801 copulationem
570 3743 618 3791 huc
643 3757 692 3790 una
715 3743 799 3791 rcttuli
823 3742 859 3791 nil
882 3743 930 3790 nisi
955 3740 1152 3789 commoditatem
1174 3753 1212 3786 re·

138 3823 252 3883 spicians.

207 3909 371 3974 27)0011.110
388 3915 459 3974 locis,
477 3929 539 3974 quos
555 3916 627 3964 affert
643 3915 725 3962 Hand.
744 3916 816 3964 Turs.
835 3917 855 3974 I,
873 3919 967 3976 0471.

208 3997 251 4063 20)
269 3999 424 4060 Quamquam
441 4001 571 4061 exempla,
598 4000 641 4048 ubi
658 4001 698 4048 hic
715 4015 774 4050 usus
792 4003 858 4062 apud
875 4016 930 4051 esse
946 4001 1061 4061 copulam
1078 4001 1212 4050 invonitur.

137 4089 256 4138 nontam
274 4086 323 4134 sint
340 4088 465 4148 insignia,
482 4088 515 4136 ct.
532 4088 624 4150 Zumpt
640 4102 679 4149 gr.
695 4088 739 4138 101.
757 4089 774 4151 ὅ
793 4089 854 4139 088.
