2602 4560
546 229 760 296 ..55-

116 390 263 467 aptiorem
290 387 363 464 eligi
390 406 477 465 posse
505 388 574 468 quis
603 391 650 447 est
677 385 729 467 qui
756 405 817 446 non
838 383 957 446 videat?
978 418 1020 429 -
1042 385 1131 462 plane
1153 385 1188 445 ad
1277 425 1291 437 ,

116 491 257 570 optimam
278 493 418 554 accedere
440 491 607 552 orationum
630 490 753 549 classem
775 489 841 548 luce
864 494 962 565 potest
984 487 1049 548 fieri
1072 487 1189 547 clarius.

200 599 245 656 Ac
267 595 395 672 primum
416 594 536 674 quidem
559 594 778 654 animadvertas
801 609 920 671 quaeso,
944 608 1020 670 quae
1035 589 1100 667 ipse
1115 591 1190 650 Wii-

114 697 191 759 stius
211 718 242 775 p.
259 699 298 756 76
321 697 461 756 disserat:

245 801 362 878 „Atque
384 802 413 856 s'c
432 801 528 876 precio
552 800 644 858 elcese
667 798 891 875 (disyllabos
913 816 994 855 voces
1016 799 1046 854 ia
1059 794 1126 871 fine
1140 815 1191 853 ex-

180 901 323 978 „taleam
345 904 473 959 retrocco
494 920 674 960 numerorum
694 918 832 980 perquam
856 901 982 970 veriam,
1008 901 1050 957 ita
1065 898 1187 975 porilem,

182 1015 235 1079 „ut
255 1007 291 1064 in
314 1003 457 1063 duabus
482 1003 682 1081 prioribus
701 1004 871 1080 periodis
893 1001 1190 1060 descendentium

181 1107 387 1184 „dimidiam
401 1106 488 1186 fere
507 1115 652 1184 portem
675 1105 859 1185 efficiant
881 1104 1133 1173 ascendentes,
1160 1106 1190 1162 ic

179 1219 327 1284 „camena
349 1219 453 1268 eontra
475 1209 650 1269 illectis
672 1218 899 1287 superentur
921 1208 992 1267 adeo
1013 1212 1162 1268 nummoJ‘

115 1315 223 1374 Nonne
237 1312 353 1388 mirum,
379 1313 457 1392 quod
480 1314 511 1371 in
528 1313 606 1372 Phil.
622 1313 699 1371 XIV
720 1332 822 1371 rursus
844 1313 901 1371 hae
922 1311 983 1371 illis
1004 1310 1024 1371 i.
1040 1330 1065 1370 e.
1089 1330 1189 1371 ascen-

114 1418 219 1477 dentes
240 1416 488 1477 descendentibus
509 1420 688 1493 superantur
710 1434 833 1474 numero
848 1413 942 1490 ¹³⁷)?
986 1415 1097 1473 Eadem
1126 1415 1190 1474 fere

111 1519 248 1580 condicio
271 1519 303 1577 in
325 1519 419 1579 classe
442 1518 728 1598 quadrisyllahsrnm
751 1522 890 1594 apparet:
913 1536 979 1576 cum
1000 1516 1031 1574 in
1055 1517 1189 1577 oratione

111 1642 140 1699 p.
158 1621 224 1682 Dei.
241 1623 307 1682 hab.
330 1622 405 1682 haec
427 1623 466 1681 sit
488 1622 731 1683 descendentium
755 1625 785 1679 et
808 1619 1030 1680 ascendentium
1054 1620 1188 1680 condicio

113 1729 164 1799 25,
184 1726 331 1797 7:1c,e,
353 1725 387 1783 in
409 1725 580 1785 Phil.le
601 1724 669 1784 talis
693 1728 752 1783 est:
777 1727 952 1799 35,8:11‚
974 1726 1001 1794 5,
1025 1741 1117 1802 quare
1139 1742 1188 1781 sn·

111 1832 199 1905 perat
226 1827 299 1886 adeo
328 1827 478 1887 orationes
505 1829 537 1886 in
561 1829 623 1888 Oct.
654 1828 718 1902 (32,
736 1833 754 1884 4
772 1848 778 1885 :
798 1830 844 1899 10,
863 1824 893 1901 8)
917 1825 1004 1885 hahb.
1028 1830 1058 1884 et
1080 1832 1190 1906 aequat

109 1931 174 1991 fere
197 1949 239 1989 or.
255 1949 283 2006 p.
299 1929 382 1988 Sulla
403 1931 471 1990 hab.
495 1931 558 2008 (34,
578 1933 593 1989 7
612 1951 619 1989 ε
636 1935 664 2003 9,
683 1929 723 2006 5).

197 2031 311 2092 Maiore
333 2034 423 2095 etiam
445 2054 519 2095 voce
542 2034 672 2093 omnium
689 2031 976 2113 quadrisyllabarum
999 2052 1113 2092 summe
1129 2033 1187 2092 ola·

112 2133 212 2208 mitat,
236 2154 312 2214 quae
335 2137 454 2213 quidem
478 2137 509 2196 in
532 2137 610 2195 Phil.
630 2136 705 2194 XIV
729 2155 883 2194 numerum
906 2136 990 2207 47,3
1015 2135 1131 2213 explet,
1155 2142 1189 2197 ut

112 2237 186 2297 adeo
217 2256 258 2298 or.
282 2257 311 2315 p.
334 2238 405 2316 imp.
429 2239 533 2316 Pomp.
555 2240 625 2298 hab.
655 2240 724 2314 (46,
753 2237 781 2316 l)
812 2244 939 2314 superet.
985 2238 1078 2297 Plane
1108 2238 1187 2298 idern

113 2337 247 2414 singulae
269 2360 388 2420 quoque
412 2343 554 2420 quaedam
579 2341 726 2400 clausulae
748 2360 804 2398 nos
826 2341 955 2421 docent:¹
974 2339 1112 2399 omnibus
1134 2361 1187 2401 no·

112 2444 177 2501 tum
206 2441 246 2502 sit
273 2443 445 2505 Ciceronem
475 2465 515 2504 ex
542 2444 681 2504 omnibus
710 2442 849 2503 clausulis
881 2442 1009 2502 maxime
1036 2444 1187 2503 adamasse

111 2541 315 2604 ditrochaeum
332 2552 362 2607 et
377 2548 569 2623 compositam
585 2548 732 2626 quandam
748 2546 838 2606 huius
849 2547 962 2606 formae
977 2545 1048 2625 {310
1062 2543 1066 2628 )
1079 2577 1188 2606 (μα-υ

111 2645 160 2722 (ut
180 2666 274 2720 ,esse
295 2649 501 2727 videatnr‘)
530 2649 698 2711 clausulam.
744 2649 823 2714 Quid
846 2651 925 2730 quod
949 2651 1186 2710 ditrochaoorum

112 2768 235 2810 numero
265 2751 436 2829 Philippica
458 2753 534 2812 XIV
562 2753 630 2831 (21,
652 2755 683 2829 3)
713 2753 761 2813 vel
792 2752 957 2812 orationem
988 2754 1014 2812 d.
1038 2754 1109 2830 imp.
1133 2756 1185 2813 On.

112 2851 216 2928 Pomp.
239 2854 308 2915 hab.
332 2855 399 2934 (20)
428 2862 563 2933 superat,
595 2875 672 2936 qnae
695 2863 725 2914 et
746 2855 811 2932 ipsa
839 2855 894 2913 hac
915 2874 948 2914 rc
970 2854 1049 2914 inter
1072 2861 1185 2916 ceteras

111 2954 241 3032 optimae
269 2961 358 3018 notae
388 2960 537 3020 orationes
566 2957 711 3019 excellat?
756 2957 888 3018 Alterius
912 2976 981 3017 vero
1003 2958 1084 3018 modi
1106 2958 1186 3019 cluu-

111 3057 242 3119 sularum
273 3080 395 3122 numero
425 3064 546 3141 (nempe
570 3063 596 3135 7,
615 3064 646 3140 9)
674 3061 753 3120 Phil.
769 3060 845 3120 XlV
868 3079 955 3141 quam
978 3062 1116 3138 proxime
1138 3083 1185 3123 ao-

112 3157 193 3220 eedit
211 3160 319 3222 iterum
342 3166 377 3223 ad
400 3185 442 3225 or.
466 3185 495 3241 p.
511 3165 582 3242 imp.
598 3165 702 3241 Pomp.
721 3164 790 3224 hab.
814 3164 868 3240 (8),
893 3183 968 3244 quae
991 3171 1021 3224 et
1042 3165 1108 3242 ipsa
1129 3167 1186 3226 hao

63 3253 64 3257 ¹
110 3261 144 3321 in
158 3282 191 3327 re
204 3265 284 3326 haud
299 3266 433 3326 infimum
448 3272 532 3329 tenet
552 3268 658 3327 locum.
703 3268 832 3328 Exstant
848 3274 947 3326 autem
965 3268 1022 3325 hae
1038 3268 1185 3328 clausulae

109 3367 197 3450 Qu
216 3366 221 3453 Ι
239 3371 361 3447 ω..)
383 3371 415 3428 in
430 3372 479 3430 his
494 3370 545 3450 55:
564 3376 593 3431 s.
610 3377 638 3431 o.
660 3377 706 3431 10.
729 3370 1184 3451 12.14.17.18.2obis¹⁸⁸).

110 3478 160 3532 21.
178 3476 230 3532 31.
247 3477 297 3532 32.
316 3478 366 3532 34.

195 3575 279 3637 Haec
295 3577 453 3649 sufficient,
477 3579 573 3650 oredo,
597 3579 690 3650 adid,
715 3578 794 3656 quod
816 3575 961 3650 volumus,
985 3578 1184 3654 probandum:

108 3680 187 3739 Phil.
203 3679 280 3740 XIV
303 3680 432 3755 optimae
456 3680 542 3740 classi
564 3699 628 3739 esse
650 3681 870 3740 ascribendam:
900 3698 961 3739 una
982 3685 1081 3740 autem
1110 3681 1184 3743 illud

108 3783 301 3860 probavimus
324 3802 439 3842 causam
463 3783 696 3843 differentiarum
720 3785 798 3842 inter
820 3783 951 3858 singulas
973 3784 1122 3844 orationes
1137 3786 1183 3846 Oi·
1279 3785 1282 3791 '

181 3938 240 4004 137)
258 3944 356 3987 exstant
373 3939 438 3987 enim
456 3940 616 3987 ascendentes
635 3942 658 3997 6,
678 3941 691 3986 ⁷
711 3940 736 3986 in
754 3938 871 3996 centanis,
890 3937 1065 3986 descendentes
1083 3941 1107 3998 8,
1128 3941 1152 3987 t.

179 4022 239 4092 1³⁸)
257 4025 380 4074 Nimirum
398 4026 454 4074 duis
470 4026 543 4073 huius
561 4025 711 4087 paragraphi
735 4029 791 4085 post
811 4024 882 4085 peso
905 4022 1017 4072 inimicis
1041 4026 1184 4074 statusndus

110 4115 148 4160 ast
165 4110 250 4177 (aliter
266 4112 418 4175 intsrpungit
435 4111 567 4175 Klotaius).
