2602 4560
550 245 763 309 „73-

183 402 313 476 ,dealiter
335 405 479 461 isitres·
500 406 632 462 mirae
654 412 686 459 et
704 403 798 476 ugia
817 418 867 456 res
887 416 971 476 qm
993 394 1080 453 terh
1100 397 1194 452 istea-

184 507 272 580 „dere
291 507 416 564 stada!

205 607 290 671 Quae
310 610 459 669 aentomia
479 611 571 669 lubet
599 629 671 668 sane
692 608 825 688 aliquid,
855 606 936 686 quod
965 604 1104 663 omnibus
1129 602 1193 659 tere

117 712 205 772 valde
227 712 356 772 arrideat
375 733 497 793 quoque
517 716 657 773 commoti
679 714 729 772 rel
750 713 810 789 ipsi
831 711 906 791 quin
926 708 1107 784 ascriptores
1127 705 1193 761 eiua

116 816 294 888 fateremur,
324 836 384 874 uou
412 816 538 876 multmn
565 818 651 876 afuit
700 818 818 875 Iustum
846 814 926 873 enim
951 811 1095 870 iudicium
1122 807 1193 865 tulit

118 917 322 977 Hellmutbius
350 919 388 977 de
417 940 452 978 ea
481 940 528 992 re,
559 941 621 1001 qua
646 926 748 979 mute
775 939 810 979 ae
831 917 987 978 voluntate
1008 913 1111 972 [icero
1137 911 1193 967 baa

118 1020 267 1080 orationes
287 1022 463 1098 scripsisset,
486 1043 526 1082 sc.
547 1032 583 1082 ut
604 1043 732 1094 ,omnem
754 1024 816 1081 rim
832 1019 1024 1100 eloquentiae
1045 1017 1083 1075 sd
1104 1015 1192 1074 casti·

117 1124 245 1198 gaudum
266 1130 356 1203 atque
376 1126 601 1200 perrellendum
622 1127 778 1185 inimicum
796 1125 933 1184 conicere
955 1123 1106 1181 studerct‘
1149 1122 1192 1179 at

117 1225 242 1285 alterum
264 1228 405 1307 quiddam
428 1249 489 1287 non
509 1229 600 1304 plane
620 1230 742 1289 ridetur
762 1229 960 1306 perspexisse,
981 1242 1092 1301 nempe
1110 1224 1190 1302 quod

117 1328 191 1388 dicit
212 1329 405 1406 ,Philippicas
426 1333 577 1390 orationes
604 1352 665 1391 nou
688 1352 753 1391 esse
774 1330 1010 1390 adnumerandas
1030 1328 1084 1398 iis,
1114 1343 1192 1404 quac

115 1432 274 1491 verborum
297 1446 404 1493 ornatu
425 1435 592 1494 illustratae
613 1455 649 1494 ac
669 1437 826 1495 distinctae
849 1439 938 1493 sunt‘
981 1433 1058 1490 llam
1081 1431 1191 1489 omissa

115 1535 232 1610 tropica
260 1535 404 1609 dictione,
435 1557 524 1617 quam
552 1547 583 1596 et
608 1540 704 1615 ipsam
733 1540 770 1596 ad
792 1539 854 1596 rim
882 1535 1026 1595 untionis
1056 1542 1190 1610 spectare

114 1656 187 1697 sane
208 1639 247 1698 sit
260 1641 489 1712 concedendum,
514 1643 623 1700 emim
646 1643 737 1701 etiam
757 1641 949 1712 abundantis,
970 1657 1060 1719 quem
1082 1639 1191 1695 iterum

114 1742 200 1820 quasi
228 1743 265 1799 ad
287 1744 472 1801 obruendum
499 1750 594 1803 totum
623 1746 824 1804 adrernrium
854 1743 956 1801 valere
986 1741 1191 1810 concedamus,

114 1851 215 1903 tamen
238 1845 385 1920 permulta
407 1856 564 1905 remanent
579 1848 707 1925 quaesiti
730 1856 852 1906 ornatus
865 1846 1004 1920 vestigia,
1025 1842 1192 1918 insigniora

113 1947 204 2005 ctiam
226 1949 379 2027 magisque
401 1967 437 2007 eo
459 1949 654 2025 respicienda,
675 1953 755 2029 quod
778 1952 810 2008 id
831 1957 913 2009 certe
933 1956 981 2008 est
1001 1946 1191 2007 statuendum

113 2069 176 2107 nou
207 2051 330 2109 nimium
353 2053 525 2111 Ciceronem
554 2064 607 2111 aut
635 2055 780 2130 temporis
808 2063 859 2115 aut
887 2055 1062 2129 diligentiae
1088 2053 1121 2111 iu
1142 2053 1191 2112 his

114 2151 303 2212 elaborandis
317 2156 536 2231 consumpsisse
551 2157 745 2216 orationibus.
790 2159 911 2216 Revoca
932 2158 988 2216 tibi
1009 2158 1041 2215 in
1060 2163 1190 2215 mentem

115 2247 313 2334 ἆντιστροφῆς
334 2259 480 2334 exempla,
503 2277 611 2318 revoca
632 2261 910 2336 contrapositorum,
934 2279 1009 2340 quae
1030 2260 1137 2336 partim
1153 2260 1190 2317 ad

115 2358 236 2416 verbum
267 2363 468 2435 excerpsimus
497 2362 621 2438 partim,
652 2363 703 2420 ubi
726 2364 953 2437 invenirentur,
981 2364 1190 2436 indicavimus,

113 2475 221 2519 revoca
242 2471 315 2541 quot
337 2483 425 2541 quam
447 2464 607 2523 artificiosa
628 2466 929 2526 homoioteleutorum
950 2467 1089 2545 exempla
1110 2472 1190 2526 attu-

112 2565 243 2626 lerimus.
288 2567 426 2646 Denique
455 2587 526 2645 prae
554 2568 660 2626 ceteris
682 2570 713 2627 id
735 2571 790 2629 tibi
812 2572 914 2631 veniat
936 2571 1027 2631 velim
1050 2572 1082 2629 in
1105 2589 1188 2628 mcn·

114 2676 193 2741 tem,
224 2689 311 2750 quam
341 2673 475 2747 insigues
505 2672 763 2731 annominationes
786 2683 817 2733 ct
838 2675 1065 2733 allitterationcs
1087 2675 1118 2732 iu
1141 2673 1189 2732 his

116 2781 270 2834 occurrant
292 2775 493 2834 orationibus:
521 2775 578 2831 iam
602 2786 676 2849 puto
698 2776 777 2847 fore,
800 2784 835 2834 ut
856 2775 974 2833 desinas
997 2778 1034 2833 de
1056 2796 1115 2834 uua
1136 2776 1190 2835 illa

114 2875 244 2951 cogitare
258 2898 355 2937 causa.
400 2881 439 2937 Et
453 2879 536 2954 ipsae
551 2876 629 2949 illae,
653 2896 779 2957 quarum
801 2886 951 2955 postremo
973 2879 1038 2938 loco
1062 2879 1188 2938 mentio-

113 2999 182 3038 nem
203 2982 336 3054 fecimus,
359 2982 619 3040 annominationes
635 2988 665 3040 et
680 2980 909 3041 allitterationes
924 2983 1008 3062 quasi
1025 2983 1189 3042 obtrudunt

111 3083 219 3142 animis
249 3086 359 3144 uostris
388 3085 475 3143 aliem
507 3101 624 3142 causam
653 3102 756 3143 rursus
786 3090 916 3145 mutatae
946 3087 1097 3146 Ciceronis
1127 3085 1188 3145 elo·

110 3186 267 3266 quentiae:
296 3207 334 3245 ne
358 3188 463 3261 multa,
494 3187 592 3245 facere
615 3205 675 3244 nou
699 3206 833 3263 possum,
866 3190 940 3268 quin
962 3189 1135 3247 Ciceronem
1156 3187 1188 3245 in

110 3288 289 3366 Philippicis
318 3292 413 3366 magis
435 3310 466 3349 se
489 3291 579 3349 etiam
602 3308 689 3369 quam
713 3290 745 3348 in
767 3291 881 3349 mediae
903 3310 974 3350 suae
995 3291 1102 3349 aetatis
1124 3309 1188 3348 ora·

109 3391 244 3451 tionibus
267 3393 447 3452 Asiatico
470 3393 586 3451 dedisse
610 3394 713 3468 generi
735 3394 873 3468 cogitem.
917 3393 954 3451 Id
969 3393 1049 3472 quod
1070 3390 1188 3451 facilem

109 3513 182 3554 sane
205 3497 297 3555 babet
318 3497 558 3572 explicationem.
604 3495 762 3554 Liberatus
784 3497 862 3553 euim
885 3495 1044 3555 interfecto
1064 3497 1188 3554 Caesare

110 3598 242 3673 abhoc,
265 3601 343 3678 quod
366 3599 410 3658 illi
434 3600 553 3679 quidem
576 3599 747 3670 videbatur,
770 3618 863 3674 regno
886 3620 951 3659 cum
975 3599 1067 3659 totius
1089 3598 1188 3674 reipu-

109 3701 205 3762 blicae
226 3709 290 3762 tum
312 3701 544 3782 iudiciorum—[et
565 3701 769 3774 comitiorum,
800 3702 895 3778 megia
916 3702 1001 3781 quasi
1024 3701 1189 3762 exsultavit

109 3807 212 3866 Cicero
235 3826 289 3865 nec
311 3805 406 3864 solum
429 3806 544 3880 recepit
558 3823 589 3863 se
605 3806 641 3862 ad
656 3804 729 3862 illud
746 3804 862 3864 dicendi
879 3825 981 3881 genus,
1006 3802 1187 3883 quodmodo

110 3918 262 3987 tamquam
292 3909 406 3967 invitus
435 3906 613 3986 reliquerat,
636 3909 687 3966 sed
711 3909 741 3966 id
765 3908 853 3966 etiam
876 3913 922 3966 est
943 3927 1088 3983 egressus.
1130 3913 1187 3965 Ac·

110 4013 208 4084 cessit,
231 4013 309 4091 quod
325 4013 382 4070 hoc
397 4011 496 4086 ipsum
511 4010 655 4069 Asianum
672 4011 787 4069 dicendi
804 4029 898 4086 genus
912 4009 1050 4088 inprimis
1065 4014 1187 4085 propter

109 4113 260 4190 uolgarem
290 4115 564 4194 redundantemque
594 4113 753 4174 dictionem
783 4113 887 4192 procul
915 4112 1005 4172 dubio
1030 4112 1074 4186 ei,
1106 4111 1187 4192 quod
