2602 4560
524 238 737 306 ..65-

173 393 264 453 Cuius
295 395 461 454 structurae
482 396 593 456 nescio
623 414 661 454 an
695 386 842 474 ἀνάλογον
872 395 1013 475 quiddam
1042 398 1167 476 quedam

88 496 209 575 quidem
231 501 378 573 exparte
400 498 432 556 in
454 500 649 575 praecedente
673 499 858 577 paragrapho
883 503 901 556 9
925 499 1082 560 invenias:

173 601 326 670 ‚erasmodi
344 619 392 658 res
490 601 620 679 obstrepi
639 603 766 659 clamore
788 602 909 660 militum
932 603 1091 674 orientur‘,
1116 603 1168 662 ubi

83 702 211 762 verbum
239 701 463 763 intransitivum
491 705 610 781 passive
641 703 828 776 enuntiatur,
861 723 950 783 quem
972 725 1059 764 usum
1082 705 1168 765 Hell-

84 805 220 864 muthius
242 805 261 864 l.
278 805 296 863 l.
321 803 398 883 §20
430 806 518 880 ,haud
542 807 631 866 dubia
654 825 670 864 o
694 804 872 865 Graecorum
896 826 1033 868 sermono
1055 807 1087 867 in
1111 809 1168 867 Ia-

84 908 182 967 tinum
197 907 362 984 irrepsissc‘
384 910 547 969 contendit.
592 909 700 969 Nescio
717 929 788 968 num
807 914 904 970 recte:
927 912 978 970 sad
994 931 1060 970 cum
1077 911 1168 970 semel

86 1012 122 1070 ad
145 1011 323 1087 graecismos
345 1012 550 1087 pervenimus,
583 1012 652 1073 vide
674 1032 745 1070 unm
769 1013 827 1072 huo
850 1005 1062 1074 ἀνακόλουθον
1084 1014 1168 1087 illud,

85 1115 165 1194 quod
198 1112 214 1192 ἓ
240 1114 277 1172 17
311 1121 387 1175 extr.
418 1115 614 1191 conspicitur,
647 1115 743 1192 possis
773 1116 902 1176 referres
934 1119 1069 1188 ,ulterius
1100 1136 1167 1175 cero

81 1218 179 1294 partit
201 1217 279 1275 nricil
297 1217 419 1294 amplios
442 1216 533 1275 dream
557 1237 639 1296 quum
663 1220 694 1276 id
715 1220 792 1296 quod
806 1238 901 1277 omncs
918 1219 1095 1292 verebamur,
1121 1222 1167 1278 ni·

84 1322 138 1378 ruri
167 1321 334 1379 iracundam
356 1320 495 1400 futuram
524 1321 618 1396 forise
647 1323 824 1379 victor-riam!
869 1323 918 1382 Ad
949 1343 1038 1403 quom
1067 1323 1167 1382 locum

82 1423 423 1484 Richter-Eberhardius
445 1425 519 1484 haec
541 1425 680 1485 adnotat:
704 1427 770 1496 ,der
793 1427 868 1484 Sotz
890 1428 966 1485 ward
986 1427 1079 1485 darei
1102 1428 1165 1485 erice

83 1527 257 1585 Parentlccsc
286 1526 511 1598 acterbrocien,
544 1547 581 1585 on
604 1528 689 1585 deren
714 1527 834 1585 Verbum
864 1529 926 1586 sicli
957 1530 1008 1586 der
1033 1516 1169 1588 [iberrest

82 1629 271 1701 suscitasset,
305 1630 362 1706 ogi.
387 1639 449 1688 etro.
474 1630 508 1688 de
530 1630 580 1711 off.
605 1631 631 1701 I,
652 1636 711 1688 22:
746 1634 895 1708 ,qreouium
921 1674 990 1703 ...,
1017 1642 1048 1689 ut
1067 1633 1167 1710 piacet

81 1735 194 1803 stoicis,
220 1752 292 1810 qrtae
395 1735 569 1809 gignantur,
594 1734 633 1790 od
654 1754 734 1792 uatem
757 1734 900 1792 torneiam
919 1737 1039 1793 creari!
1086 1736 1167 1793 Weit

18 1870 22 1874 -
82 1834 217 1912 hirpiger
238 1856 271 1893 so
294 1838 340 1894 die
363 1837 513 1907 Graecien,
540 1837 692 1896 beconders
712 1837 815 1906 Prata·
842 1839 957 1914 liriiger
981 1840 1030 1896 Gr.
1045 1839 1094 1915 Sp.
1111 1843 1162 1909 55,

84 1943 112 2010 4,
128 1940 173 1997 7.‘
218 1938 404 2019 Quamquam
427 1939 527 1998 nascio
551 1958 588 1998 an
611 1941 748 2000 hocloco
766 1941 865 1998 omnia
880 1945 961 2000 recto
978 1959 1009 2000 se
1024 1942 1163 2015 habeant,

82 2041 141 2102 nisi
165 2042 245 2122 quod
268 2041 321 2101 illa
344 2044 480 2112 ,alterius
503 2063 569 2101 vero
588 2047 699 2119 portr's‘
722 2043 917 2103 insolentiore
934 2044 1061 2123 quodam
1077 2046 1164 2104 modo

82 2145 144 2206 sint
165 2145 356 2221 transposita.

168 2249 217 2306 Ex
250 2248 389 2307 familiari
422 2249 539 2308 dicandi
572 2249 787 2309 consuetudine
818 2253 968 2325 sumptum
1000 2250 1040 2308 sit
1071 2247 1087 2327 ἓ
1112 2255 1165 2311 10:

79 2350 287 2432 ,reliquum
310 2353 454 2412 facere‘
476 2372 530 2429 pro
553 2353 760 2431 ,relinquero‘z
784 2353 820 2410 ds
836 2370 895 2432 qua
917 2351 1067 2412 locutione
1084 2373 1111 2412 v.
1127 2355 1163 2412 ad

79 2454 213 2531 Philipp.
230 2455 320 2528 XIII,
338 2461 387 2514 48.
433 2455 502 2514 Huc
522 2456 626 2515 eodem
648 2454 774 2514 forsitan
797 2454 828 2513 in
853 2456 953 2514 eadem
970 2457 1162 2532 paragrapho

79 2559 121 2619 sit
149 2559 337 2618 referendum
370 2558 747 2632 ,commemorabilis‘
776 2559 954 2619 vocabulum
985 2579 1038 2636 pro
1070 2560 1163 2635 magis

84 2662 163 2738 apud
184 2662 353 2721 Ciceronem
378 2663 554 2739 pervulgato
577 2662 704 2740 simplici
726 2662 931 2734 ,memorabili‘
954 2664 991 2722 of.
1006 2661 1099 2721 Wolfi
1113 2663 1163 2721 ad-

83 2767 162 2823 nott
194 2765 459 2834 ,Commemoroiili
485 2768 593 2842 pietate
617 2767 662 2823 cel
684 2765 746 2823 ulio
770 2767 875 2822 virtute
901 2766 1054 2840 praeditas
1082 2783 1162 2822 nemo

81 2868 225 2944 reperitur
246 2868 325 2945 opud
347 2869 527 2939 Ciceronem,
554 2871 612 2926 etsi
631 2868 684 2924 icoc
705 2885 798 2943 genus
822 2866 915 2923 laudis
938 2869 968 2924 ei
979 2865 1162 2945 frequentet-

79 2972 179 3030 siraum
196 2981 249 3043 eat,
275 2982 304 3029 et
320 2971 557 3030 cocmorobiii
568 2970 743 3049 sortasse
760 2989 845 3027 usus
861 2979 962 3028 esset
974 2969 1161 3049 fideliore

78 3077 249 3133 memorio
273 3076 478 3153 Scriptor.‘

165 3178 273 3238 Procul
295 3180 384 3238 dubio
408 3179 559 3256 uolgarem
583 3198 747 3238 sermonem
771 3179 822 3238 illo
844 3179 1034 3255 pleonasmus
1056 3175 1087 3257 (S
1107 3177 1159 3254 14)

76 3283 258 3360 ,prudens
280 3287 317 3342 ot
339 3282 478 3343 sciens‘
501 3283 623 3343 redolet.

166 3382 242 3463 §31
276 3405 372 3457 ,armo
395 3387 431 3444 ob
454 3388 522 3445 alsi‘s
547 3389 664 3463 posita,
698 3384 742 3442 ab
764 3384 857 3441 aliis
883 3391 1017 3458 erepto
1045 3387 1156 3441 sunt‘.

76 3489 122 3548 Dc
146 3489 202 3549 hac
218 3494 365 3549 structura
379 3490 522 3550 videntur
540 3487 735 3565 respicienda,
760 3504 836 3566 quaa
853 3486 939 3545 docet
953 3483 1159 3545 Hellmuthius

75 3592 94 3651 1.
107 3592 127 3651 l.
151 3589 240 3671 §572
272 3593 409 3665 ,Verbum
440 3597 552 3673 eripere
582 3593 668 3667 vulgo
692 3594 734 3649 ita
758 3599 934 3668 usurpatur,
968 3599 1155 3666 ulpereras,

75 3697 127 3755 oui
146 3696 259 3773 ah'quid
279 3697 414 3773 eripitur,
440 3698 567 3756 dativum
590 3714 687 3754 cusum
706 3695 840 3771 occipiat.
887 3695 965 3751 Haeo
982 3694 1158 3750 constructio

77 3802 107 3858 in
130 3808 217 3859 orati.
243 3798 312 3858 67¹⁰·
419 3802 536 3877 legitur.
583 3802 628 3857 Ac
648 3801 677 3858 in
702 3800 731 3854 V
731 3799 880 3856 crriais
902 3815 957 3853 non
979 3813 1051 3852 raro
1070 3813 1157 3871 prae·

76 3955 222 4003 Ciceronem
244 3956 270 4002 in
288 3954 335 4000 hac
351 3954 461 4002 orations
485 3953 648 4001 libentissime
667 3950 861 4011 significantiore
879 3950 921 3996 vsl
939 3948 1076 4009 insigniora
1094 3917 1156 3993 arri·

75 4042 160 4103 puisse
185 4041 242 4089 aliis
265 4055 362 4100 quoque
386 4041 447 4088 locis
472 4045 555 4099 potest
579 4038 689 4097 ostendi,
716 4039 747 4084 cf.
767 4051 830 4096 qnae
847 4036 914 4082 infra
931 4035 962 4084 de
980 4049 1042 4082 vocs
1061 4048 1156 4082 vacuus

76 4127 234 4177 disseramus.

932 4213 952 4266 a
