2602 4560
517 231 729 298 ..19-

173 392 217 447 Ac
239 388 270 446 in
293 391 477 460 Ligariana
500 387 619 467 quidem
641 391 696 448 hos
718 389 888 450 invenimus
908 387 1091 465 tropos⁷⁷)z

173 489 189 568 ᾖ
213 494 238 549 l.
273 491 384 547 Nouum
407 493 532 561 crimen,
567 493 599 549 C.
620 493 744 558 Caesar,
777 500 807 548 et
826 500 895 550 unte
917 491 991 548 hunc
1014 490 1084 548 diem
1107 510 1163 548 non

87 592 289 668 asaditcmffl).
325 590 341 670 5
362 598 379 650 3
403 592 506 651 bellum
529 597 653 652 emersit.
677 593 749 652 ibid.
774 584 877 652 coecus
900 595 994 651 timor.
1018 593 1089 652 ibid.
1114 593 1163 651 do-

88 714 160 753 mum
182 695 388 772 spectccs⁷⁹).
421 695 493 754 ibid.
517 705 601 774 utque
624 697 751 755 ellenon
773 697 911 754 mediocri
931 697 1091 774 cupiditate
1113 715 1163 754 ur-

86 800 180 874 rs'pus‘t
201 799 348 875 imperium
361 797 424 873 ⁸⁰).
461 797 478 875 ᾖ
498 806 515 857 6
540 809 648 875 quanta
672 799 725 856 luc
748 798 933 856 liberalitatis
955 809 984 857 et
1004 801 1165 876 supt'cutr'ue

87 910 152 958 tuuc
182 901 254 958 miii
281 901 360 978 apud
389 911 416 958 le
444 903 553 960 dicenti
580 901 741 960 aberratur.
788 899 805 978 5
828 905 845 958 8
877 901 923 958 uel
950 902 1025 979 pseud
1054 902 1164 960 lacedem

87 1003 278 1060 adeslescentis
297 1006 458 1081 propinqui
469 1006 600 1062 cristino
623 1005 708 1062 etium
731 1003 771 1060 cd
790 1022 879 1060 meum
895 1004 1015 1081 aliquem
1030 1002 1164 1082 fructum

87 1105 258 1164 redundare.
290 1103 342 1182 §9
367 1107 443 1180 Quid
463 1109 536 1165 enim
560 1115 625 1164 tuus
648 1107 709 1177 ute,
737 1105 858 1176 Tubero,
884 1109 1038 1165 restrictus
1055 1111 1085 1166 in
1101 1111 1165 1166 cese

87 1207 259 1267 Pharsalico
278 1208 396 1284 gladius
412 1208 541 1284 agebat?
563 1212 644 1266 cuius
667 1209 743 1266 lutus
765 1209 816 1266 ille
838 1227 936 1266 mucro
955 1209 1093 1285 petebat?
1115 1213 1168 1287 qui

86 1331 186 1369 seusus
207 1321 273 1370 erut
289 1330 435 1370 armorum
454 1315 589 1369 tuncrum?
609 1312 650 1370 ib.
675 1312 763 1368 isdem
782 1313 811 1368 in
829 1313 919 1369 erms‘s
933 1309 996 1390 sui.
1022 1310 1090 1389 §11
1117 1333 1164 1370 us-

87 1435 141 1492 que
162 1417 201 1472 ud
220 1417 388 1491 sanguinem
412 1417 541 1472 siscitari.
578 1412 594 1490 ἓ
617 1418 653 1471 13
682 1417 861 1470 alicastrum
882 1414 988 1492 fletum
1011 1418 1161 1491 irrumpis.

88 1516 160 1594 §17
184 1518 296 1585 Fatalis
318 1518 454 1593 quaedum
477 1518 627 1574 columitas
650 1516 786 1574 incidisse
808 1515 919 1573 vs'detur
941 1526 970 1574 et
990 1517 1164 1594 improuidus

90 1620 234 1676 hominum
256 1629 361 1677 mentes
383 1617 641 1696 occupavasessl).
667 1617 684 1695 ξ
703 1622 739 1675 18
763 1628 816 1676 urat
833 1628 882 1676 tun
901 1618 971 1696 quid
985 1619 1068 1676 uliud
1080 1639 1181 1690 armo„

89 1723 250 1779 velamant.
291 1720 365 1799 §22
389 1719 525 1799 Africum
548 1740 642 1779 urcem
674 1723 796 1778 omnium
823 1723 1049 1797 prouinciarum.
1087 1720 1162 1798 §34

90 1842 242 1882 consensus
264 1825 417 1903 conflatus.

156 2045 199 2109 77)
217 2047 320 2096 Veniam
338 2061 378 2094 me
395 2061 467 2108 spero
485 2047 680 2107 impetraturum,
699 2047 720 2094 si
734 2047 781 2093 hoc
794 2051 836 2093 aut
847 2047 910 2094 illud
923 2049 1062 2106 exemplum
1074 2047 1162 2094 omisi:

86 2151 145 2182 nam
162 2149 217 2181 cum
234 2135 260 2180 in
279 2133 393 2181 omnibus
411 2133 486 2180 rebus
503 2134 545 2180 vel
563 2132 766 2192 diligentissimus
784 2135 905 2180 nonnulla
922 2134 1046 2193 neglegit,
1065 2138 1116 2180 tum
1136 2135 1162 2180 in

86 2221 174 2279 tropis,
193 2219 308 2277 quoniam
326 2219 392 2266 hune
408 2220 478 2266 illum
496 2220 545 2266 iam
564 2234 614 2266 nou
632 2219 750 2267 sentimus
769 2224 866 2278 tropum
885 2233 955 2276 esse,
974 2219 1044 2276 quasi
1062 2233 1163 2265 necesse

87 2310 132 2364 est,
151 2306 209 2352 licet
226 2305 301 2352 etiam
318 2310 391 2364 etque
410 2305 483 2352 etiem
501 2307 584 2366 legas,
614 2305 732 2363 quosdam
751 2309 901 2364 praetereas.
938 2304 1009 2364 Quod
1026 2310 1109 2350 temen
1127 2304 1164 2350 in·

86 2392 242 2439 commodum
267 2391 362 2438 nullam
388 2390 479 2439 habere
502 2392 554 2438 vim
572 2393 604 2438 ad
622 2405 742 2439 summam
761 2390 915 2439 tractationis
933 2405 1018 2438 omnes
1036 2390 1108 2437 facile
1126 2391 1162 2437 in-

83 2479 209 2539 tellegsnt.

153 2566 196 2626 78)
214 2562 340 2611 Illusionis
352 2563 406 2611 sive
420 2559 549 2625 εἰρωνείας
562 2563 676 2622 exempla
693 2563 758 2609 inter
775 2567 861 2622 tropos
878 2562 1078 2621 numeravimus3
1097 2563 1162 2621 quod

84 2664 143 2697 uum
161 2653 227 2696 recte
245 2649 376 2696 fecerimus
393 2648 530 2704 nescimus,
559 2663 614 2695 cum
632 2648 800 2708 Quintilianus
818 2662 848 2695 ee
865 2648 936 2695 simul
954 2648 1018 2694 inter
1035 2653 1120 2708 tropos
1138 2653 1163 2695 et

84 2736 149 2782 inter
165 2736 257 2794 figuras
275 2734 453 2782 sententiarum
477 2734 570 2782 referat
586 2735 641 2793 IX,
662 2737 692 2792 2,
710 2736 758 2783 44:
785 2734 881 2793 „igitur
905 2729 1021 2796 εἰρωνεία
1044 2748 1107 2791 quos
1125 2739 1163 2781 est

85 2820 199 2879 scheme,
218 2819 249 2866 eh
267 2821 326 2880 illa,
352 2834 414 2878 quae
433 2824 471 2868 est
488 2825 587 2881 tropos,
613 2834 702 2880 genere
720 2821 775 2879 ipso
793 2819 854 2865 nihil
872 2818 1002 2864 admodum
1021 2819 1111 2881 distat3
1137 2821 1162 2866 in

85 2911 189 2965 utroque
206 2907 271 2954 enim
289 2907 439 2953 contrarium
464 2907 571 2967 siquod
596 2907 699 2964 dicitur,
725 2904 918 2964 intellegendum
936 2908 974 2950 est
991 2907 1091 2962 e.q.s.“,
1118 2905 1161 2952 ssd

82 2995 140 3042 vide
159 2994 344 3041 Volkmeunum
362 2995 437 3043 etiam
454 2995 479 3041 in
497 2993 561 3040 libro
580 2994 618 3040 cui
636 2992 792 3040 inscribitur:
820 2990 958 3051 „Rhetorik
976 2991 1020 3037 der
1039 2989 1161 3038 Grischsn

82 3082 132 3128 und
150 3081 258 3128 R6mer“
287 3081 368 3129 18742
388 3094 412 3140 p.
426 3082 485 3129 42⁷.
522 3081 606 3139 Ipsum
633 3080 698 3137 quod
723 3079 769 3124 hoc
794 3079 847 3125 loco
873 3078 998 3125 attulimus
1023 3079 1161 3138 exemplum

83 3167 155 3214 effert
172 3167 235 3214 inter
252 3168 345 3226 figuras
363 3167 542 3214 sententiarum
561 3164 654 3222 Aquila
666 3164 792 3211 Romanus
810 3165 863 3226 Μ,
882 3164 973 3223 dequo
991 3165 1049 3211 vide
1067 3164 1161 3211 Halmii

83 3253 189 3300 adnotat.
209 3253 240 3299 ed
256 3257 367 3300 nostrum
385 3253 472 3299 locum.

153 3335 196 3402 79)
214 3338 239 3384 Si
257 3339 355 3396 quidem
373 3337 414 3385 hic
430 3337 499 3384 locus
517 3337 570 3383 iure
587 3336 666 3396 tropis
684 3335 809 3396 inseritur,
827 3335 852 3381 id
866 3334 931 3392 quod
942 3334 1017 3380 valde
1030 3333 1158 3394 addubito,

81 3425 205 3472 mehercle
221 3424 247 3470 in
266 3439 350 3472 sorum
369 3437 470 3471 numero
489 3427 527 3470 est
544 3422 681 3481 habendus,
700 3422 742 3481 qui
759 3420 880 3480 „docendi
899 3433 973 3467 causa
990 3421 1089 3480 sumpti,
1108 3435 1158 3467 non

80 3509 182 3558 ludendi
199 3510 340 3557 videntur“.

150 3595 193 3659 80)
211 3597 268 3643 Huc
285 3596 351 3642 hunc
368 3595 449 3641 locum
467 3598 553 3655 utpote
571 3585 750 3657 ἀντιφράσεως
768 3592 908 3651 exemplum
927 3592 999 3638 retuli
1018 3592 1158 3654 Tryphonis

81 3682 131 3748 (ap.
151 3662 193 3742 Sp.
211 3682 264 3739 111,
283 3683 349 3741 204,
368 3680 393 3743 3)
412 3684 510 3728 secutus
528 3680 694 3728 definitionem
713 3679 891 3738 exemplaque,
919 3692 981 3736 quae
998 3679 1041 3725 ille
1059 3693 1090 3724 ex
1106 3679 1157 3726 Hc·

81 3783 149 3816 mero
167 3769 269 3829 profert,
289 3765 419 3814 sc.011:
439 3762 495 3816 duel
513 3757 542 3816 oi
563 3782 603 3830 μιν
621 3757 795 3829 ἀφαυρότατος
813 3756 870 3830 βάλ’
887 3755 1004 3822 Ἀλαιῶν,
1023 3768 1047 3811 et
1060 3763 1079 3811 A
1094 3764 1158 3812 ³302

81 3833 135 3903 oto*
154 3844 205 3916 ἄρα
221 3849 258 3904 τώ
276 3868 306 3918 γε
324 3849 385 3904 ἰδών
403 3849 521 3918 γήθησεν
538 3845 677 3918 Ἀχιλλεύς.

151 3935 194 4004 81)
211 3938 287 3986 Cuius
305 3939 411 3998 exempli
429 3938 550 3984 rationem
568 3951 617 3983 uon
636 3936 729 3982 habere
748 3936 785 3982 ius
803 3933 875 3980 nohis
889 3947 943 3981 esse
961 3934 1083 3992 duximus,
1101 3950 1157 3982 cum

82 4023 154 4071 nobis
171 4024 269 4082 quidem
287 4024 438 4084 persuaserit
455 4023 569 4070 Halmius
595 4023 651 4082 ipsa
675 4035 728 4068 esse
747 4020 860 4068 Caesaris
878 4017 974 4078 verba,
1003 4019 1092 4079 quihus
1117 4021 1157 4067 hie

82 4110 159 4157 utitur
177 4115 273 4158 orator:
292 4111 350 4158 vide
368 4110 461 4158 Halmii
479 4111 535 4156 adn.
554 4109 585 4156 ed
604 4109 660 4154 h.1.

921 4187 974 4246 ¹2*
