2602 4560
538 179 665 245 -so
710 131 761 226 -’

110 337 323 395 minitarentur.
369 335 411 409 H,
429 340 469 393 56
491 334 632 393 absentem
656 335 741 392 credo
765 338 793 396 in
813 355 880 396 reos
901 338 1035 408 relatam,
1061 355 1125 396 rem
1151 341 1196 396 in-

105 438 184 497 elicta
213 456 303 496 causo
333 439 497 498 iudicatam.
547 443 586 496 58
616 440 736 498 lictores
758 443 953 499 laureati-
975 441 1111 500 homines
1135 446 1195 501 ho-

107 542 245 600 nesti-
267 559 328 600 non
350 550 421 600 noto
452 541 503 600 illo
533 550 561 598 et
589 543 716 600 miino'oo
744 544 877 602 nomine.
926 547 964 600 59
988 544 1138 603 saturavit
1161 561 1195 603 se

107 644 251 719 sanguine
273 644 532 704 dissimillimorum
555 646 606 704 eoi
626 645 737 702 cioinm.
782 645 841 718 III,
860 650 897 704 18
920 645 954 702 dc
969 646 1068 716 patris
1092 654 1122 702 ct
1136 665 1195 716 pa·

108 746 355 818 troiporricoiloo.
402 751 441 804 20
466 748 851 822 convenerontoorrogati'.
898 752 938 805 28
961 750 991 805 in
1006 749 1195 818 possessione
1225 787 1227 790 >

109 847 251 906 libertatis
272 849 373 921 pedem
395 850 537 921 ponemus.
584 855 623 907 32
654 867 737 907 ocnrom
765 849 886 907 elidem
915 851 1070 909 sentientis
1098 867 1194 910 sena·

111 961 174 1009 tos:
199 950 296 1011 vitare
318 951 391 1010 mihi
414 952 535 1012 videtur
557 952 660 1012 Oioero
683 950 927 1011 allitterotionem
951 972 1016 1012 oum
1038 951 1071 1010 in
1097 972 1143 1011 or.
1162 973 1193 1030 p.

109 1053 178 1114 Dei.
201 1055 230 1112 h.
257 1058 292 1112 ll
325 1074 379 1131 pro
402 1054 455 1114 illa
476 1055 605 1114 formula
630 1055 707 1112 hono
730 1053 871 1114 adhibeat
899 1063 1026 1124 ,senatos
1052 1074 1192 1114 consen-

111 1157 233 1214 tzbntis‘.
282 1162 321 1214 33
345 1158 436 1216 111111
458 1158 617 1234 animisque
638 1157 799 1215 decernere.
847 1161 885 1215 35
913 1158 1055 1228 impuris
1076 1160 1194 1229 impu·

107 1257 190 1316 dicis.
239 1259 273 1331 V,
292 1262 327 1318 12
343 1261 557 1320 commentariis
569 1261 787 1319 commenticiis.
824 1263 861 1318 19
877 1260 1024 1319 vehemens
1036 1262 1193 1320 etviolcn-

108 1370 162 1417 tos.
209 1365 248 1418 24
272 1380 327 1420 non
342 1361 493 1442 profectas
509 1371 563 1432 cst,
584 1363 635 1419 scol
648 1359 785 1438 profugit
798 1362 963 1433 paludatus.
1004 1361 1077 1421 ibid.
1103 1365 1193 1422 caios

107 1483 142 1521 ne
160 1472 297 1538 pacatam
314 1465 432 1534 quidem
451 1465 613 1534 nequitiam
632 1464 790 1537 quisquam
804 1462 891 1543 serre
910 1473 1018 1542 posset.
1066 1468 1107 1522 45
1133 1467 1194 1524 Sed

107 1583 193 1643 saepe
209 1585 297 1642 spero
311 1566 384 1647 sore
402 1567 486 1624 laios
502 1566 691 1624 adolescentis
709 1567 853 1625 hortandi
866 1567 1056 1626 honorandi¹
1066 1567 1079 1605 ²
1089 1569 1120 1645 ¹)
1136 1610 1143 1626 .
1158 1612 1189 1628 ..

103 1676 283 1744 potestatem.
339 1669 378 1728 47
409 1670 572 1729 excellenti
600 1670 770 1746 eximioqoc
801 1671 915 1727 vertute.
971 1673 1008 1727 51
1044 1675 1193 1731 memoria

108 1779 230 1829 manent
244 1774 399 1831 domestici
411 1773 535 1832 doloris.
582 1771 656 1831 ibid.
672 1773 792 1830 maiora
809 1780 838 1828 et
850 1772 977 1830 meliora
995 1773 1031 1831 of.
1045 1772 1134 1846 VIII,
1153 1779 1192 1832 10

106 1872 200 1931 molti
212 1875 339 1933 meliora
355 1884 440 1952 otone.
455 1877 586 1934 maiora.
633 1875 685 1948 VI,
704 1881 721 1932 9
742 1882 774 1931 at
791 1894 843 1951 ego
860 1874 936 1932 m'ln'l
947 1875 1054 1933 vidisse
1070 1876 1188 1948 videar,

106 1984 206 2033 vertat
226 1995 259 2037 se
280 1986 308 2034 et
329 1980 449 2037 senatui
465 1986 580 2054 pareat.
627 1978 696 2051 VII,
720 1983 759 2036 25
783 1998 818 2035 nc
840 1997 895 2049 spe
915 1979 1080 2049 proesentis
1102 1982 1193 2049 pacis

106 2088 281 2148 perpetuam
304 2100 405 2152 pacem
429 2081 581 2139 omittatis.
628 2081 713 2154 VIII,
738 2086 755 2138 8
769 2079 912 2160 fortunas
934 2089 1051 2138 nostros
1073 2085 1189 2152 partim

71 2261 72 2264 Ἴ
107 2178 232 2253 dissipet
257 2185 366 2256 partim
396 2185 556 2256 dispertiat
583 2185 755 2256 parricidis.
804 2189 843 2242 20
875 2192 942 2242 onte
963 2201 999 2243 os
1021 2184 1190 2260 oculosque.

112 2287 148 2341 21
166 2287 275 2345 reiecti
287 2290 477 2348 revertissent
489 2289 796 2364 mnorrtraoissentqae.
842 2287 882 2358 X,
902 2291 918 2344 8
939 2288 973 2344 dc
987 2303 1063 2363 paee
1079 2295 1106 2343 et
1117 2303 1192 2344 oon-

110 2388 328 2448 ooreliooioinm
340 2392 541 2466 cogitantium.
593 2395 630 2449 13
650 2391 726 2467 qood
735 2391 775 2449 di
786 2391 874 2449 doint
886 2387 989 2466 (dent).
1037 2392 1075 2445 21
1096 2390 1192 2447 ermis

110 2493 269 2568 mrimisqoe
279 2490 420 2570 infestam
431 2493 649 2568 inimicamque.
688 2491 745 2564 XI,
758 2496 777 2550 4
793 2493 937 2550 divexare
952 2511 987 2549 ac
1002 2492 1191 2566 (111111111-

110 2611 128 2650 a
155 2591 251 2651 redito
280 2593 440 2674 refrenavit
463 2625 503 2636 -
525 2603 639 2670 negant
667 2596 719 2671 qni
744 2604 856 2653 norant
877 2627 919 2636 -
942 2597 981 2652 ml
1008 2603 1192 2665 praesentem

111 2704 236 2768 pastam.
283 2702 301 2753 6
331 2706 478 2774 vagatur,
503 2696 619 2756 volitat.
667 2698 825 2756 irincola
847 2697 976 2757 verbera.
1023 2698 1195 2773 9soscipit

111 2802 140 2856 in
163 2817 196 2859 se
217 2801 321 2859 scelos.
375 2805 408 2861 11
441 2820 499 2873 pro
526 2786 670 2872 penitiora
698 2809 797 2871 potat.
844 2805 884 2858 24
914 2819 969 2877 qno
997 2800 1081 2860 soloo
1110 2800 1194 2858 salvi

112 2920 220 2961 seimus.
270 2906 308 2962 27
332 2922 385 2962 vos
399 2914 498 2963 vestro
514 2922 574 2962 esse
588 2903 698 2962 velitis.
749 2908 788 2961 30
811 2919 906 2962 naves
920 2910 1046 2962 nautas.
1092 2905 1133 2958 34
1153 2922 1193 2960 ca

112 3008 207 3065 antino
230 3007 361 3065 amo'com.
405 3007 513 3080 XII,5
538 3026 591 3084 spe
614 3006 721 3066 solatis
742 3006 897 3082 spolrbtns.
945 3008 961 3064 7
985 3024 1034 3081 spe
1048 3005 1128 3063 falso
1145 3014 1191 3061 at·

111 3128 164 3186 qne
194 3109 309 3167 fallaci.
355 3109 426 3169 ibid.
461 3118 493 3166 ot
513 3128 561 3166 eos
583 3111 732 3181 paeniteat
754 3107 902 3185 projessos
931 3129 992 3167 esse
1014 3120 1045 3167 ct
1062 3126 1139 3179 proc
1160 3129 1193 3167 se

183 3277 243 3344 121)
261 3280 376 3328 hortandi
394 3279 532 3327 honorandi
550 3279 587 3325 V¹
609 3278 725 3326 hortandi
742 3278 930 3338 honorandiquo
948 3278 996 3336 V',
1014 3279 1129 3327 Halmius
1146 3279 1192 3326 ho·

112 3367 229 3427 notandi,
257 3367 361 3414 ornandi
389 3365 576 3425 honorandiquc
594 3363 702 3412 Orbilius
725 3378 780 3411 oum
797 3365 926 3424 Ferrario,
953 3378 1014 3424 quos
1037 3370 1135 3412 secutus
1153 3369 1194 3413 111

112 3455 237 3502 Klotnius.
272 3453 393 3513 Equidem
412 3455 506 3500 nullam
518 3453 592 3500 video
611 3465 666 3499 esse
684 3465 791 3510 oausam,
809 3465 853 3498 cur
871 3450 903 3498 11)
921 3452 960 3509 iis,
979 3465 1042 3512 quoe
1053 3450 1121 3510 prior
1134 3450 1192 3497 Vnt.

113 3553 178 3585 mon.
197 3538 307 3598 praebet,
333 3538 490 3586 recedamus:
515 3551 572 3585 nam
597 3551 653 3584 cum
678 3537 704 3584 in
728 3537 775 3584 hac
791 3536 902 3584 orations
926 3541 963 3584 tot
979 3537 1194 3584 senatusconsulta

113 3623 200 3673 Cicero
213 3625 310 3684 formet,
329 3638 380 3670 non
397 3623 430 3670 11)
448 3623 514 3670 omni
531 3622 704 3682 probabilitate
722 3621 840 3669 obhorret
854 3636 909 3669 eum
921 3626 1005 3670 nostro
1018 3635 1115 3681 quoque
1136 3623 1192 3670 loco

112 3710 178 3757 huno
196 3711 304 3757 colorem
323 3707 365 3775 (cs.
383 3711 398 3771 ξ
418 3710 449 3758 35
468 3710 597 3756 ommam
615 3708 862 3769 conscripserit
880 3710 1092 3769 comparavit.
1128 3708 1191 3769 §46

112 3797 245 3844 libertatem
258 3798 346 3859 populi
361 3797 467 3843 Romani
482 3794 501 3841 d
506 3810 518 3841 e
519 3797 662 3855 sentent
680 3793 902 3857 defenderint)
919 3796 1064 3844 retinuisse:
1083 3798 1191 3842 ceterum

113 3883 143 3929 ci.
163 3883 316 3944 11111ωὲ29
342 3883 400 3930 novi
414 3881 516 3930 loommin
533 3881 699 3931 insaniam
717 3881 961 3942 odrooontiom.
997 3883 1056 3929 Div.
1077 3881 1194 3941 ipopoti

113 3968 217 4015 Romam¹
240 3969 383 4030 adflicti
405 3969 525 4017 miseri.
561 3968 625 4015 Phil.
644 3968 753 4025 V111,8
779 3969 881 4016 atbaeo
906 3967 986 4014 omnia
1006 3965 1192 4028 perturbet,

114 4061 247 4103 coartat.
