2602 4560
563 231 779 298 -54—

133 398 184 455 ille
205 395 479 464 moderatione,
512 411 583 450 non
613 390 830 448 inventione
859 386 1016 465 superarit.
1061 385 1121 444 Est
1140 386 1219 444 essia

210 501 240 557 in
263 499 335 574 ι’ριιὶε
356 497 483 555 numeris
503 494 641 553 sedatior.
689 493 814 567 Gorgias
836 498 930 549 nosen
1036 488 1082 546 trs
1095 485 1219 567 festivi·

135 601 241 661 totr'bos
347 599 515 658 insolentius
544 599 655 665 otr'tcr,
688 613 760 672 quos
787 596 931 653 Isocrates
1038 591 1217 650 moderatius

133 706 188 762 ιἰιιιι
213 705 405 780 temperouit‘,
431 701 571 777 deinceps
593 700 667 758 haee
689 697 827 773 legantur
849 697 938 772 ‚Quin
960 697 1045 754 etrum
1067 713 1107 752 se
1130 696 1216 771 ipse

135 814 291 876 tontum,
325 812 500 885 quantuni
521 800 697 879 procedebat
801 800 941 869 nimio‘‚
974 796 1104 878 denique
1126 798 1217 858 haec:

135 911 194 980 ,Ita
216 927 274 966 non
297 906 378 964 niodo
400 906 583 983 superiores,
607 903 764 961 sedatione
787 921 819 960 se
840 903 902 978 ipse
923 905 1120 970 correxernt‘,
1146 899 1216 960 luce

134 1011 169 1071 fit
190 1009 297 1069 clarius
320 1007 471 1067 laudari
494 1011 655 1084 propterea
675 1005 724 1063 hic
747 1025 764 1064 a
788 1005 929 1064 Cicerone
945 1003 1122 1063 Isocratem:
1145 1002 1215 1062 ideo

135 1119 251 1173 tantum
267 1113 360 1182 abest,
382 1114 417 1170 ut
438 1110 487 1169 hic
503 1110 650 1169 Isocrates
671 1128 690 1167 a
710 1106 928 1184 perfectissima
942 1103 1160 1181 compositione
1182 1106 1216 1165 in

135 1219 289 1275 senectute
312 1215 454 1292 (ceterum
476 1230 632 1290 perperam
655 1213 692 1271 de
714 1215 867 1271 senectute
890 1209 1042 1270 Wiistinm
1065 1208 1215 1285 cogitasse

135 1323 208 1395 puto
237 1317 289 1375 ille
317 1320 441 1389 ,tantum
465 1319 608 1394 quantum
632 1319 729 1374 aetate
756 1315 946 1391 procedebat‘
972 1311 1136 1388 legentem)
1167 1331 1215 1372 re·

135 1419 258 1479 cessisse
280 1419 403 1492 dicatur,
425 1424 460 1478 ut
481 1423 598 1479 tantum
621 1422 765 1497 quantum
787 1421 886 1476 aetate
906 1416 1098 1493 procederet,
1123 1415 1214 1474 etiam

135 1528 225 1604 atque
248 1522 337 1582 etiam
366 1521 573 1598 perfectiorem
601 1519 765 1578 reddidisse
788 1518 1034 1595 compositionem
1065 1517 1212 1578 laudetur.

137 1625 234 1689 Quam
256 1623 485 1702 explicationem
509 1623 665 1683 confirmat
694 1621 861 1681 simillimus
890 1622 973 1681 locus
995 1621 1120 1698 Dionys.
1143 1622 1213 1681 Hal.

137 1729 172 1787 de
196 1729 326 1787 Isocrate
348 1726 407 1786 iud.
423 1745 487 1803 cap.
504 1725 580 1784 XIV
599 1731 691 1784 exin:
714 1721 756 1797 ,oi
776 1720 875 1800 μέντοι
897 1714 923 1803 γ’
946 1718 995 1782 ἐντὶ
1018 1723 1136 1807 τελευτῇ
1159 1725 1214 1782 τοῦ

137 1827 207 1906 βίον
236 1825 399 1908 γραφέντες
427 1822 509 1906 λόγοι
537 1814 628 1903 ἧττόν
656 1824 711 1886 εἰσι
741 1819 962 1904 μειρακιώδεις,
996 1817 1037 1895 cic
1058 1817 1098 1886 dn
1120 1816 1213 1904 οἶμαι,

136 1929 247 1990 τελείαν
269 1924 477 2005 ἀντειληφότες
498 1923 553 2005 τὴν
575 1923 722 2007 φρόνησιν
746 1921 827 2007 παρὰ
849 1931 903 1990 τοῦ
924 1922 1043 2008 χρόνον.

221 2035 301 2108 Ergo
323 2034 381 2093 iam
404 2053 459 2110 per
481 2052 511 2092 se
535 2037 667 2109 spectata
688 2033 766 2106 talis,
788 2033 906 2113 qualem
922 2033 1058 2094 Wlistius
1072 2031 1214 2109 institnit,

136 2136 325 2213 periodorum
356 2136 463 2198 divisio
491 2137 571 2196 haud
600 2136 644 2197 ita
672 2135 836 2213 probabilis
865 2136 912 2196 sit.
957 2135 1035 2199 Quin
1063 2137 1145 2215 quod
1175 2156 1215 2196 ex

135 2240 268 2317 ipsorum
297 2259 486 2300 numerorum
518 2239 691 2301 condicione
716 2258 804 2319 quam
832 2238 994 2299 fortissime
1024 2239 1051 2298 ei
1072 2239 1215 2302 resisten-

138 2343 207 2401 dum
230 2341 295 2403 est?
339 2343 432 2404 (ladat
453 2343 533 2402 enim
555 2363 675 2402 necesse
698 2347 744 2403 est
768 2342 875 2403 Wiistii
899 2341 1061 2416 sententia,
1084 2341 1109 2402 si
1131 2343 1215 2406 Oica·

136 2463 239 2503 ronam
261 2451 419 2524 postquam
442 2452 618 2518 ,senescens‘
640 2446 755 2504 remisit
770 2445 955 2525 aliquantum
971 2446 1008 2503 de
1023 2465 1126 2506 severa
1140 2453 1214 2522 arte,

137 2547 226 2607 etiam
256 2546 401 2607 seniorem
424 2548 535 2607 factum
557 2566 659 2607 rursus
681 2547 718 2605 ad
741 2565 875 2607 severam
896 2552 990 2606 artem
1012 2552 1214 2610 revertentem

22 2640 24 2644 ¹
137 2649 293 2709 cernimus.

224 2755 268 2812 Ac
292 2753 327 2812 de
350 2753 406 2812 hac
427 2772 460 2812 ro
482 2752 608 2813 forsitan
630 2752 688 2811 iam
711 2771 750 2811 ex
771 2752 838 2830 ipsa
852 2772 887 2812 ea
901 2754 1011 2827 tabule,
1036 2774 1124 2833 quam
1139 2757 1213 2818 Wii·

138 2854 213 2914 stius
235 2856 372 2929 confecit,
396 2855 496 2932 colligi
517 2855 628 2933 possit:
651 2855 789 2917 Fortasse
812 2856 891 2915 enim
913 2856 1058 2916 nonnulla
1079 2857 1214 2920 indicant

137 2957 196 3016 iam
218 2959 250 3016 in
275 2958 390 3025 duobus
412 2959 516 3034 primis
538 2958 716 3036 Philippicis
738 2959 910 3019 Ciceronem
941 2960 1080 3020 maiorem
1110 2980 1214 3022 rursus

139 3079 260 3136 operam
275 3060 415 3121 clausulis
432 3061 581 3135 tribuisse,
607 3063 692 3122 modo
716 3062 846 3122 animum
868 3062 1007 3122 intendas
1028 3063 1060 3122 in
1083 3084 1213 3127 summas

139 3163 351 3241 disyllaborum
367 3170 399 3223 et
414 3164 702 3244 quadrisyllabarnm
718 3165 914 3225 clausularum
931 3164 1047 3226 collatis
1067 3167 1113 3239 iis,
1136 3189 1213 3250 quae

138 3265 274 3326 Wiistius
307 3287 336 3343 p.
362 3271 400 3326 55
432 3275 463 3328 et
485 3271 524 3325 59
556 3267 709 3339 disseruit,
743 3267 775 3325 in
805 3286 944 3328 numeros
975 3267 1213 3333 ditrochaeorum

139 3369 368 3448 quadrisyllabis
381 3371 505 3431 vocibus
521 3372 703 3443 effectorum,
728 3370 856 3451 deniquo
878 3370 910 3429 in
926 3372 1111 3434 dochmiacae
1133 3375 1213 3436 clau-

138 3471 217 3530 sulas
240 3492 278 3531 ex
300 3473 449 3550 bisyllaba
469 3492 542 3534 voce
565 3473 691 3533 iambica
718 3474 907 3551 praecedenti
936 3476 1065 3537 baecheo
1095 3479 1212 3540 confor-

138 3580 240 3634 mutas.

224 3679 287 3738 Nec
302 3698 373 3738 vero
395 3678 497 3739 uthis
520 3684 580 3739 tam
603 3680 705 3755 paucis
727 3680 887 3760 parvisque
908 3682 967 3741 iarn
989 3683 1063 3743 fidas
1084 3684 1212 3760 indiciis,

138 3782 272 3858 postulo:
305 3801 484 3863 quamquam
513 3782 563 3841 hic
592 3781 641 3842 vol
671 3782 799 3841 maxime
829 3784 903 3844 illud
934 3785 974 3846 sit
995 3787 1212 3848 admonendum

139 3904 291 3943 numerum
316 3905 376 3944 non
399 3891 549 3965 tamqnam
572 3890 655 3945 vesto
678 3886 804 3964 quadam
828 3889 959 3950 detracta
979 3887 1067 3948 facila
1095 3892 1212 3952 mutari.

138 3987 195 4046 Sed
218 3988 296 4047 Phil.
311 3988 386 4048 XIV
408 4022 451 4034 -
475 4009 533 4073 qua
556 3988 689 4050 oratione
712 3987 824 4048 nullam
846 3992 883 4050 ad
905 3993 985 4050 hano
1007 3992 1211 4071 quaestionem
