2602 4560
548 244 739 312 ..3,

105 402 257 460 hibuimus
281 421 391 474 omnes,
414 403 588 478 praesertim
612 423 678 461 cum
701 422 789 481 quam
812 404 1020 463 lubentissime
1043 406 1111 464 data
1134 424 1182 464 oc·

106 504 223 563 cesione
255 506 298 565 uti
321 505 466 566 vellemus
495 524 556 563 una
577 506 751 564 ostendendi
775 526 864 585 quarn
887 527 981 584 prope
1008 507 1078 565 illae
1100 527 1182 566 acce-

105 607 216 686 donst)
239 609 275 666 ad
302 627 395 684 genus
419 609 579 684 primarum
604 609 770 667 orationum
796 629 850 681 pro
867 609 1008 673 Quinctio
1029 615 1060 668 st
1075 611 1182 669 Roscio

104 714 139 767 Α.
164 715 234 768 ante
257 711 426 769 habitarum
452 729 540 789 quam
563 710 678 770 Tullius
700 711 732 768 in
755 710 908 770 Graeciam
936 712 1010 770 illud
1032 713 1091 772 iter
1111 714 1184 772 fecit

104 812 275 891 Rhodiique
299 813 431 872 Molonis
453 812 611 889 disciplina
638 831 732 888 prope
755 814 883 874 mutavit
904 814 1121 892 eloquentiam,
1151 816 1182 873 id
1239 853 1241 858 -

104 919 149 973 est
171 916 208 972 ad
231 934 324 989 genus
339 915 513 973 Asiaticum.
558 915 616 973 Sed
640 935 706 973 cum
728 915 793 992 ipsa
815 917 871 975 hac
893 917 930 974 de
951 936 1039 976 causa
1060 919 1096 975 de
1112 918 1182 975 Phi-

104 1017 224 1094 lippicis
247 1017 423 1077 adhibendis
445 1018 533 1076 facile
555 1019 682 1077 exsistat
704 1019 792 1077 nobis
815 1019 1050 1097 adversariusss),
1074 1020 1182 1078 adieci-

80 1117 82 1121 ’
103 1140 168 1179 mus
191 1120 286 1179 onds
307 1121 379 1196 imp.
395 1121 448 1179 On.
465 1121 589 1196 Pompei
612 1122 702 1199 (anno
720 1122 773 1196 66)
796 1126 826 1180 et
848 1122 884 1180 do
905 1122 971 1196 lege
986 1141 1080 1197 agrar.
1097 1140 1122 1180 a.
1141 1127 1180 1180 63

102 1223 234 1282 habitam
265 1224 297 1295 I,
329 1227 364 1281 ut
394 1224 525 1282 omnium
555 1223 767 1282 Ciceronianae
796 1225 985 1303 eloquentiae
1013 1229 1181 1300 temporum

103 1326 187 1404 quasi
219 1325 357 1401 exempla
386 1326 579 1384 haberemus:
609 1346 677 1385 nam
702 1327 773 1385 duas
803 1328 913 1403 primas
942 1327 1091 1386 orationes
1120 1347 1181 1386 non

102 1433 173 1504 apte
203 1429 337 1486 adhiberi
367 1429 403 1486 ab
434 1428 571 1488 omnibus
602 1429 690 1488 facile
711 1430 907 1505 intellegitur.
951 1429 1010 1487 Sed
1033 1436 1066 1489 ut
1088 1435 1180 1489 totam

101 1531 151 1588 hic
174 1551 372 1607 exponamus,
404 1550 492 1609 quam
516 1532 664 1591 voluimus
687 1552 751 1591 esse
775 1532 1003 1608 comparationis
1025 1532 1180 1605 rationem,

100 1633 179 1691 hanc
201 1635 284 1712 quasi
314 1635 411 1708 legem
442 1633 545 1692 iudicii
570 1635 806 1693 constituendam
835 1635 1015 1710 putavimus.
1059 1636 1106 1692 Ad
1129 1636 1180 1693 ob-

102 1736 257 1794 tinendum
279 1737 308 1794 id
325 1738 403 1815 quod
426 1737 580 1812 probaturi
604 1757 721 1810 sumus,
745 1738 866 1796 omuino
890 1737 961 1796 satis
984 1738 1042 1795 erit
1060 1737 1180 1795 demon-

103 1844 211 1897 strasse
240 1843 356 1898 nostras
388 1839 536 1898 orationes
565 1859 599 1898 re
627 1858 701 1899 vera
731 1840 851 1898 differre
881 1859 899 1896 a
922 1841 1036 1898 ceteris.
1082 1839 1179 1898 Multo

101 1948 198 1999 autem
222 1941 328 1999 melius
350 1961 544 2017 persuasuros
566 1962 621 2001 nos
643 1961 738 2018 spero,
762 1942 933 2020 ubicunque
949 1941 1109 2016 contigerit
1127 1963 1178 2000 no-

100 2044 161 2115 bis,
194 2049 227 2102 ut
250 2050 427 2120 apparentes
457 2045 641 2105 differentias
671 2046 833 2103 referamus
864 2045 900 2102 ad
923 2044 1105 2103 differentias
1129 2064 1179 2119 ge·

99 2147 179 2205 neris
195 2147 298 2204 Asiani
314 2154 344 2207 ct
360 2148 461 2206 nuioi.
508 2146 574 2210 Qua
595 2148 627 2206 in
643 2168 675 2206 re
699 2148 836 2224 inprimis
857 2147 1068 2205 recurrendum
1091 2147 1179 2206 nobis

100 2248 158 2305 erit
179 2250 215 2305 sd
237 2268 302 2305 eam
332 2250 431 2308 tenuis
462 2251 587 2309 oratoris
618 2269 704 2328 quem
728 2251 875 2310 vocabant
897 2249 1043 2322 Atticum,
1074 2250 1178 2324 imagi·
1219 2312 1223 2319 ,

100 2369 177 2422 nem,
201 2369 288 2428 quam
310 2351 373 2426 ipse
389 2351 491 2410 Cicero
511 2352 543 2410 in
559 2356 675 2410 oratore
691 2351 707 2429 S
725 2353 764 2410 76
777 2371 842 2431 sqq.
858 2352 1040 2429 informavit.
1085 2353 1177 2411 (iuius

100 2452 157 2513 loci
190 2459 221 2512 et
249 2454 498 2530 interpretatione
531 2460 562 2514 et
591 2455 869 2514 commemoratione
902 2455 1094 2531 supersedere
1128 2455 1177 2514 hic

98 2575 265 2631 possumus,
288 2576 354 2615 cum
380 2557 406 2615 ei
430 2558 634 2633 explicationi,
658 2577 733 2637 quae
755 2559 910 2619 invenitur
930 2558 963 2615 in
986 2558 1118 2633 Berbigii
1140 2559 1177 2616 do

99 2658 207 2735 Lysias
218 2661 343 2718 oratoris
353 2679 463 2735 genere
472 2660 555 2719 tenui
566 2661 684 2719 dicendi
696 2666 915 2736 programmate
926 2659 1065 2738 (Kiistrin
1075 2660 1175 2738 1871),

100 2763 237 2819 omnibus
253 2763 316 2820 fere
335 2763 367 2821 in
383 2764 473 2822 rebus
484 2762 514 2839 ⁴)
537 2763 741 2825 assentiamur.
785 2762 933 2822 Nimirum
950 2763 1041 2822 ceteri
1057 2782 1176 2842 quoque

99 2863 157 2922 loci
180 2864 279 2938 magni
303 2870 373 2923 sunt
393 2865 545 2939 momenti,
569 2885 608 2924 ex
631 2867 739 2945 quibus
762 2865 870 2945 aliquis
892 2866 1057 2925 redundare
1080 2867 1176 2943 possit

96 2968 211 3026 fructus
233 2969 269 3025 ad
293 2969 529 3043 cognoscendum
552 2970 731 3028 Asianorum
753 2973 784 3027 et
806 2968 974 3028 Atticorum
998 2987 1108 3044 genera
1130 2968 1175 3026 di-

97 3072 192 3145 cendi,
218 3092 294 3150 quos
317 3071 398 3131 locos
421 3073 458 3128 ad
481 3089 569 3150 quam
593 3072 719 3150 quisque
742 3072 873 3147 pertinet
895 3071 1084 3148 eloquentiae
1106 3091 1173 3147 par-

97 3178 156 3231 tem
178 3175 220 3232 ibi
243 3174 547 3234 commemorabimus.
860 3168 861 3171 ¹

182 3276 302 3349 Restat,
332 3283 366 3335 ut
388 3278 424 3334 de
447 3277 642 3352 dispositione
670 3278 758 3336 huius
782 3277 1057 3336 dissertatiunculae
1079 3296 1172 3353 panca

97 3379 246 3438 addamus.
291 3380 424 3439 Primum
448 3380 669 3439 Marcellianum
692 3385 895 3438 caeterarum
918 3379 1084 3437 orationum
1101 3380 1171 3438 (lae-

95 3481 277 3541 sarianarum
300 3482 441 3542 societate
464 3484 676 3558 segregandam
699 3483 877 3558 putavimus,
901 3501 966 3540 oum
989 3481 1089 3560 aliqua
1105 3483 1170 3562 qui-

95 3586 161 3643 dem
185 3605 226 3642 ex
245 3588 330 3660 parte
360 3585 447 3644 aliter
475 3587 511 3642 de
541 3584 605 3644 eius
634 3603 744 3660 genere
773 3584 889 3644 dicendi
916 3584 1047 3644 iudicare
1075 3586 1169 3645 coacti

163 3773 189 3836 2)
208 3773 265 3821 vide
284 3772 464 3819 Hellmuthium
483 3773 538 3832 „De
556 3772 677 3821 sermonis
694 3771 902 3833 proprietatibus,
929 3787 992 3831 quoe
1008 3773 1169 3821 inveniuntur

92 3861 118 3907 in
135 3860 260 3919 prioribus
278 3857 405 3905 Ciceronis
423 3859 599 3917 orationibus,“
618 3859 742 3919 Erlangee
763 3861 838 3916 1877,
858 3875 882 3919 p.
895 3861 918 3905 5.

161 3945 188 4009 3)
204 3946 262 3993 vide
280 3945 354 3992 etiam
370 3949 445 4004 caput
463 3945 498 3992 VI
515 3946 588 3993 huius
607 3945 797 3993 dissertationis.

158 4030 440 4095 immorarentur
458 4031 617 4080 dissentimus
635 4031 667 4078 ab
687 4046 732 4089 eo,
760 4045 909 4090 quamquam
928 4031 1021 4078 nullius
1040 4031 1091 4077 fere
1110 4037 1168 4079 sunt

92 4114 218 4179 monna,
234 4130 320 4165 urm
337 4128 383 4165 sno
400 4122 511 4178 ternpore
528 4119 572 4165 fiet
589 4119 688 4166 mentio.

920 4167 984 4260 Ψ
