2602 4560
537 174 750 240 ..52-

233 330 310 405 „Sed
331 332 472 411 quoniam
497 331 652 407 diligentia
670 332 784 391 inimiei
808 331 1019 408 investigatum
1041 337 1190 414 estquod

169 434 309 508 „latebat
332 434 533 494 eonfitendum
549 439 602 508 est,
625 434 740 510 opinor,
763 465 804 477 —
827 435 1001 511 praesertim
1018 456 1088 496 oum
1104 456 1191 498 meus

171 536 374 611 „necessarius
403 538 502 596 Pansa
528 536 648 609 feeerit,
680 542 715 596 ut
734 536 765 597 id
787 537 938 612 integrum
967 537 1026 597 iam
1055 559 1121 599 non
1143 559 1191 601 es·

172 644 245 714 „set,
270 639 511 710 —omissaque
537 640 741 702 controuersia
763 639 859 699 omnis
882 639 977 700 oratio
1007 641 1045 700 ad
1069 643 1189 704 miseri·

173 742 322 818 „eordiam
344 746 434 814 tuam,
457 743 638 802 eonferenda
651 747 705 814 est,
728 776 771 786 -
792 761 852 821 que
873 742 995 819 plurimi
1019 748 1093 804 sunt
1116 765 1190 805 oon·

171 846 309 920 „servati
333 879 374 888 —
398 865 464 905 oum
486 865 504 904 a
525 849 556 904 te
579 865 639 904 non
661 844 869 904 liberationem
889 845 1002 921 eulpae,
1026 847 1080 906 sed
1096 850 1189 908 errati

171 947 308 1023 „veniam
330 947 602 1025 impetravissent.“

107 1051 198 1112 Initio
221 1049 274 1129 §2
297 1051 371 1110 dnae
394 1049 591 1110 inveniuntur
611 1050 726 1127 periodi
750 1048 1000 1127 simplioissimae:

233 1154 355 1227 „Habes
387 1154 480 1229 igitur
512 1153 627 1213 Tubero
648 1149 653 1234 Ι
673 1154 753 1232 quod
788 1161 819 1213 et
851 1153 1016 1213 accusatori
1051 1156 1188 1217 maxime
1203 1125 1217 1149 “

171 1257 362 1335 „optandum
382 1252 386 1337 1
405 1256 599 1316 eonfiteutem
621 1275 720 1315 reum:
736 1251 748 1339 ΙΙ

235 1360 306 1434 „sed
335 1364 435 1419 tamen
463 1363 528 1419 hoo
550 1359 740 1419 confitentem
760 1355 765 1438 Ι
784 1377 816 1418 se
836 1358 869 1417 in
890 1375 932 1419 ea
953 1363 1038 1436 parte
1058 1360 1165 1436 fuisse,
1182 1357 1188 1442 Ι

171 1482 251 1544 „qua
272 1466 311 1536 te,
334 1480 393 1540 qua
414 1461 511 1521 virum
535 1461 614 1520 omui
637 1461 724 1520 laude
747 1461 879 1537 dignum,
903 1467 1018 1538 patrem
1040 1459 1190 1548 tuumf‘fl

108 1568 190 1633 Quas
211 1565 325 1642 exeipit
347 1565 533 1624 enuntiatum
556 1564 613 1623 duo
636 1564 794 1624 continens
816 1564 967 1624 membra:

236 1668 362 1747 „Itaque
391 1667 474 1743 prius
502 1668 539 1725 de
568 1672 669 1727 vestro
699 1667 806 1726 delioto
830 1667 1032 1727 confiteamini
1062 1688 1188 1731 neeesse

173 1777 246 1846 „est
271 1789 359 1850 quam
381 1769 494 1846 Ligarii
517 1769 606 1829 ullam
630 1769 747 1846 eulpam
769 1770 1025 1846 reprehendatis.“

109 1876 221 1935 Eodem
253 1893 375 1949 prorsus
407 1873 494 1932 modo
524 1872 556 1931 in
587 1872 723 1951 sequenti
755 1873 926 1932 narratione
954 1891 1002 1932 res
1024 1892 1056 1932 se
1078 1875 1190 1937 habet:

108 1978 220 2057 ubique
243 1975 406 2051 simplicia,
430 1995 490 2033 non
513 1974 699 2034 membratim
722 1974 818 2036 ineisa
839 1975 993 2036 enuntiata
1016 1994 1081 2034 sese
1104 1979 1188 2038 exei-

109 2082 211 2157 piunt,
243 2078 323 2138 inter
345 2095 421 2158 quae
444 2076 585 2136 nimirum
608 2077 726 2152 singula
754 2077 865 2153 passim
888 2077 1046 2139 severioris
1068 2079 1189 2155 periodi

108 2182 236 2258 vestigia
265 2181 399 2258 dispersa
420 2178 682 2257 oonspioies136),
715 2180 815 2239 omnia
842 2184 941 2240 autem
971 2180 1083 2240 nullam
1112 2183 1189 2243 artis

109 2304 179 2362 prae
212 2304 243 2344 se
275 2285 405 2344 ferentia
436 2285 581 2362 speeiem:
617 2284 792 2362 rhythmum
824 2302 896 2345 uero
929 2283 1042 2363 ubique
1075 2283 1190 2347 frustra

109 2406 244 2466 quaeres.

194 2488 251 2548 Sed
280 2489 355 2547 haee
386 2488 540 2548 haetenus.
583 2489 717 2547 Nimium
745 2488 805 2548 iam
827 2507 934 2547 vereor
961 2508 999 2547 ne
1020 2488 1053 2546 in
1074 2489 1132 2548 heo
1156 2510 1190 2549 re

108 2598 225 2668 tempus
247 2590 396 2664 triverim,
419 2611 507 2670 quam
530 2591 732 2669 praeteriens,
755 2598 790 2650 ut
811 2590 902 2662 aiunt,
926 2592 1013 2650 modo
1034 2590 1119 2653 volui
1141 2599 1189 2652 at·

109 2695 234 2769 tingere.

194 2799 314 2872 Restat,
343 2798 430 2858 utin
453 2798 612 2859 verborum
635 2817 774 2858 numeros
796 2797 963 2858 aoouratius
984 2797 1189 2877 inquiramus:

108 2906 199 2981 atque
227 2900 276 2959 hio
298 2899 418 2978 quidem
440 2900 582 2959 habemus
605 2920 685 2960 nuno
706 2901 766 2961 tale
787 2901 1015 2963 fundamentum
1038 2901 1115 2960 bene
1137 2899 1189 2959 fir-

109 3023 198 3075 mum,
215 3000 303 3081 quale
318 3002 355 3061 de
370 3003 568 3061 membrorum
585 3002 716 3063 numeris
732 3002 966 3080 disceptantibus
982 3004 1083 3063 deesse
1097 3004 1187 3062 modo

110 3103 248 3165 diximus.
793 3167 794 3170 ,

195 3206 270 3267 Dioo
293 3204 415 3282 Georgii
438 3206 550 3266 Wiistii
581 3207 821 3277 dissertationem
849 3205 1109 3268 laboriosissimam
1133 3211 1187 3289 qui

109 3308 283 3370 insoribitnr
314 3310 368 3381 ,De
403 3310 535 3370 clausula
565 3310 715 3371 rhetorioo
747 3327 824 3390 quae
856 3311 1043 3386 praeseperit
1074 3312 1188 3386 (lioero,

110 3417 256 3491 quatenus
271 3411 303 3471 in
319 3412 504 3473 orationibus
526 3420 645 3474 seontus
668 3413 716 3474 sit.
740 3414 1053 3489 Argentorati1881.‘
1096 3414 1188 3477 caius

110 3513 329 3575 dissertationis
351 3513 482 3573 maxime
510 3516 632 3575 tertium
655 3521 757 3592 eaput,
790 3516 901 3595 quippe
929 3517 981 3597 qui
1007 3516 1190 3580 insoribatur

110 3617 271 3695 ,Eademne
304 3615 442 3676 omnibus
471 3617 552 3677 vitae
588 3620 773 3694 temporibus
804 3621 967 3699 eodemque
997 3620 1094 3681 studio
1125 3642 1188 3682 am·

110 3723 218 3801 plexus
240 3721 280 3781 sit
301 3719 403 3780 Gioero
426 3719 574 3781 olausulas
596 3740 690 3780 neene
710 3722 806 3783 fusius
829 3724 1019 3800 explicatur‘,
1050 3724 1087 3782 ad
1109 3725 1188 3786 hano

110 3824 315 3835 —————-—

181 3873 240 3941 1³6)
259 3879 286 3923 ut
299 3875 313 3936 ξ
328 3877 342 3924 3
362 3873 426 3934 ,Quo
439 3873 521 3921 audito
534 3874 624 3933 partim
637 3873 771 3934 eupiditate
782 3876 974 3935 inconsiderate,
991 3872 995 3940 Ι
1009 3876 1100 3935 partim
1113 3892 1187 3926 eaeoo

111 3963 218 4020 quodam
236 3962 324 4009 timore
339 3957 343 4027 Ι
358 3961 438 4020 primo
457 3951 551 4020 salutis,
567 3959 571 4029 Ι
587 3964 644 4022 post
667 3960 742 4008 etiem
761 3961 836 4009 studii
853 3962 891 4010 sui
909 3960 1062 4020 quaerebant
1078 3961 1187 4022 aliquem

110 4047 206 4097 duoem‘
225 4045 241 4118 ll.
