2602 4560
540 213 755 278 „39-

114 369 211 426 tulisse
225 368 319 425 odium
336 370 366 425 io
382 369 551 439 Antonium,
569 373 621 446 qui
632 373 773 442 pecuum
787 371 919 442 polliciti
931 378 1009 428 orent.
1035 373 1074 427 24
1091 370 1189 429 Nemo

112 491 161 531 me
189 472 291 529 metius
322 471 467 530 timidum.
520 473 619 546 XIII,
642 478 662 532 4
694 482 790 532 rutum
822 474 1045 549 religiosumque
1068 472 1188 548 foedus.

113 581 131 632 8
162 582 248 633 costa
276 591 294 629 o
325 591 433 633 maore
460 576 554 633 ciuili.
602 580 642 633 42
672 577 789 634 foedere
819 584 849 632 et
877 576 947 634 frito.
993 575 1084 646 XIV,
1103 579 1140 632 18
1164 577 1193 631 si

88 721 92 728 .
110 678 192 737 vitiis
213 695 277 733 enm
299 678 409 734 vri‘tute
429 677 593 735 contendit:
618 687 650 735 ut
671 681 745 736 enim
762 695 854 735 cursu
870 695 987 746 cursus,
1012 678 1055 734 sie
1072 679 1102 734 in
1116 679 1192 734 veios

106 778 236 856 fortibus
256 780 352 836 vietae
368 781 477 839 vertute
498 789 659 856 superetur.
708 784 746 837 19
768 789 857 839 avent
873 780 992 839 audrie.
1039 785 1079 837 22
1102 780 1193 837 nemci

111 891 139 939 et
160 883 279 957 coeptos
301 884 473 941 sententium
502 901 588 939 meum
618 882 653 939 de
679 901 796 940 numero
826 884 1034 942 sententiarum
1064 882 1191 942 sustule-
1279 864 1282 870 ¹

112 992 191 1042 runt.
238 988 277 1041 32
300 986 330 1040 in
352 987 426 1060 iugc
447 984 533 1043 foeda
556 994 706 1041 moreest.
754 990 793 1043 35
816 986 893 1044 vtoz's
913 984 1134 1061 victoribusque.

197 1085 227 1143 Si
249 1087 324 1145 haec
351 1091 398 1146 tot
420 1087 558 1163 exempla
586 1087 784 1163 percurreris,
814 1107 941 1166 quorum
970 1107 1111 1146 numerus
1140 1089 1190 1147 vel

114 1188 217 1264 augeri
239 1193 348 1264 potest,
371 1188 557 1269 aliquantum
580 1209 652 1249 eane
667 1190 704 1248 ad
719 1194 836 1249 nestrae
851 1188 1023 1249 iudicandae
1039 1190 1189 1250 orationes

113 1291 215 1351 valere
243 1293 403 1365 concedes,
435 1294 515 1372 quod
537 1292 569 1350 in
592 1292 753 1368 Ligariana
775 1293 833 1351 duo
855 1297 972 1352 tantum
993 1292 1190 1352 inveniuntur

111 1394 320 1453 alliterationie
343 1394 480 1470 exempla
505 1399 542 1453 16
566 1394 707 1454 refellere
730 1390 761 1454 et
781 1395 972 1470 redarguere,
996 1401 1035 1453 34
1058 1413 1190 1454 consen·

113 1517 178 1555 sum
202 1496 430 1573 conspirantem
453 1516 487 1557 ac
507 1518 603 1574 paene
626 1498 794 1558 conflatum
824 1498 909 1557 etin
932 1518 975 1557 or.
995 1519 1024 1575 p.
1049 1498 1191 1558 Deiotaro

112 1601 184 1658 hab.
203 1599 429 1678 quattuor¹²²)
454 1605 472 1657 2
495 1600 576 1660 tucri
598 1605 630 1660 et
650 1607 763 1675 tegere,
787 1602 825 1658 27
849 1618 900 1659 res
922 1601 1125 1680 rationesque,
1149 1606 1189 1658 28

111 1703 248 1774 pudoris
265 1701 505 1781 pudicitiaeque,
530 1707 569 1760 30
592 1707 713 1776 ingrate
729 1707 760 1762 et
774 1704 889 1779 impie:
911 1723 1006 1780 pauca
1024 1705 1189 1776 admodum,

110 1806 136 1864 ei
166 1804 342 1881 praesertim
372 1806 489 1863 confers
517 1809 603 1865 oratt.
627 1805 706 1863 Phil.
729 1805 785 1863 XI.
803 1805 838 1863 V.
861 1805 923 1864 ΠΙ.
945 1807 1022 1864 XIV
1051 1812 1082 1866 et
1111 1811 1190 1865 certe

111 1908 214 1968 omnia
235 1907 289 1967 vix
312 1907 456 1986 quaesita.

198 2012 312 2082 Restat,
335 2009 416 2068 utin
432 1999 449 2067 ό
457 2005 700 2084 μοιοτὲλευτα
716 2009 885 2090 similiaque
896 2010 968 2087 128)
990 2010 1188 2089 inquiramus.

111 2114 171 2172 Hic
192 2132 302 2185 rursus,
324 2117 359 2171 ut
381 2114 418 2171 de
439 2113 650 2189 contrapositis
671 2113 803 2185 fecimus,
826 2113 999 2193 priusquam
1021 2115 1117 2190 ipsam
1140 2113 1189 2171 iu-

115 2215 282 2288 grediamur
309 2235 387 2287 rem,
416 2215 517 2294 qualia
539 2215 677 2292 exempla
698 2217 757 2274 huc
778 2216 936 2274 referenda
957 2216 1044 2274 nobie
1066 2216 1189 2275 videau-

112 2322 178 2390 tur,
208 2317 395 2377 indicandum
425 2323 479 2376 eet.
525 2318 601 2376 Nam
624 2337 713 2395 quam
734 2316 855 2377 videtur
875 2318 964 2377 facile
986 2337 1050 2376 esee
1072 2319 1109 2376 de
1131 2319 1187 2377 hac

111 2439 144 2478 re
157 2421 323 2493 decernere,
345 2426 406 2480 tam
429 2439 461 2479 re
476 2439 548 2479 vera
569 2424 615 2479 eet
637 2419 758 2479 difficile
780 2419 891 2479 iustum
914 2421 964 2480 hic
986 2420 1042 2479 sibi
1067 2422 1187 2480 modum

108 2524 315 2602 rationemque
330 2522 522 2582 constituere.
568 2522 655 2585 Quod
677 2523 733 2582 tibi
757 2542 817 2581 non
842 2523 885 2582 ita
904 2523 1011 2583 mirum
1027 2523 1188 2597 videbitur,

109 2626 135 2684 ei
147 2625 366 2702 contemplatus
377 2625 445 2698 eris,
462 2631 605 2704 quantum
615 2624 826 2688 Quintilianus
837 2625 895 2699 IX,
909 2632 937 2700 3,
952 2627 991 2684 75
1004 2627 1187 2702 —exempli

112 2747 282 2787 causacum
295 2729 417 2788 nomino
439 2762 482 2772 -
504 2730 615 2788 frustra
636 2746 702 2787 meo
724 2729 843 2808 quidem
866 2729 976 2788 iudicio
997 2729 1186 2802 laboraverit,

112 2835 147 2888 ut
167 2831 241 2889 haee
264 2831 364 2889 omnia
383 2825 522 2908 πάρισον,
546 2822 764 2906 όμοιόπτωτον,
788 2821 1009 2904 ὅμοιοτὲλευτον
1030 2836 1111 2890 recte
1127 2831 1186 2891 die·

109 2937 254 2993 cerneret.
301 2931 398 2998 Quare
419 2935 449 2992 id
472 2954 624 3011 speramus
646 2933 795 2992 neminem
810 2934 972 3010 opprobrio
995 2933 1086 2992 nobie
1102 2934 1185 2992 datu-

108 3057 190 3110 111111,
214 3038 294 3117 quod
316 3037 372 3096 hac
392 3038 424 3096 in
446 3058 479 3097 re
500 3038 601 3114 potius
624 3056 728 3096 sensus
748 3043 867 3097 nostroe
889 3058 979 3117 quam
1001 3036 1096 3097 solum
1118 3037 1186 3095 rhe-

181 3223 239 3287 122)
264 3225 325 3272 illud
347 3219 375 3275 ‘iv
392 3220 436 3276 διὰ
454 3227 522 3277 δυοῖν
547 3225 631 3286 ‚legati
648 3225 818 3284 ductaeque,
844 3226 975 3272 formulam
998 3223 1185 3284 pervulgatissi-

109 3325 189 3370 mam,
207 3325 282 3371 quam
299 3312 373 3360 etiam
391 3312 417 3359 in
435 3312 523 3360 ceteris
540 3315 612 3359 oratt
630 3325 752 3371 persaepe
769 3311 910 3359 invenimus
928 3325 974 3358 nec
990 3315 1073 3356 tamen
1091 3309 1185 3357 rettuli-

109 3412 173 3456 mus,
189 3399 231 3446 hic
248 3413 298 3447 non
316 3399 476 3459 respeximus.
512 3399 541 3446 In
555 3398 691 3458 Ligariana
709 3398 724 3458 ξ
741 3400 769 3444 11
786 3402 846 3444 extr.
865 3397 969 3456 insignis
986 3399 1067 3443 exstat
1077 3396 1185 3442 clausula

95 3485 238 3545 ”nervius
256 3484 308 3536 vis‘
335 3485 405 3532 cuins
428 3484 588 3544 asperitatem
613 3484 748 3544 sententiae
774 3482 924 3542 respondere
941 3497 991 3529 non
1008 3482 1072 3542 fugit
1088 3487 1186 3530 veteres

108 3571 283 3632 grammaticos
310 3567 352 3636 (cl.
370 3570 465 3617 Halmii
483 3568 564 3632 adn.):
592 3570 635 3617 sed
654 3569 855 3616 allitterationem
879 3574 961 3617 tamen
986 3569 1026 3615 hic
1051 3582 1101 3615 non
1124 3573 1184 3628 puto

107 3658 243 3716 quaesitam
267 3671 322 3704 esse
338 3656 370 3704 ab
388 3662 499 3715 oratore,
528 3658 644 3717 qnoniam
669 3657 691 3704 si
715 3656 953 3715 contrapositionem
978 3669 1066 3716 urgere
1094 3657 1182 3714 voluit,

108 3748 152 3790 vix
169 3743 251 3803 potuit
267 3741 345 3789 verba
362 3743 434 3790 aliter
451 3744 581 3790 collocare.
618 3745 652 3790 nt
669 3743 690 3789 si
708 3743 763 3800 quie
780 3742 806 3789 in
824 3743 949 3790 contraria
966 3746 1111 3802 perseveret
1128 3756 1183 3789 aen·

108 3828 192 3887 tantia,
210 3827 302 3876 habeat
313 3827 370 3876 sibi:
391 3829 507 3876 modo-id
525 3828 584 3875 mihi
603 3828 722 3875 concedat
739 3828 785 3874 hoc
803 3829 858 3875 loco
876 3829 918 3875 vel
936 3827 1001 3886 apud
1019 3831 1116 3873 tenuem
1129 3840 1183 3874 ora·

107 3918 186 3961 terem
203 3914 334 3962 alliteratio
352 3929 402 3961 non
419 3915 493 3963 modo
511 3915 631 3973 uersari,
649 3914 693 3962 aad
711 3914 785 3961 etiam
803 3913 898 3960 laudari
915 3926 996 3972 posse.

178 3995 237 4064 12³)
256 3998 334 4058 ‚paria
359 3999 460 4059 paribus
485 4001 563 4047 relata
586 4003 611 4048 et
628 3999 743 4048 similiter
760 4002 878 4047 conclusa
895 3999 1029 4057 eodemque
1054 4000 1125 4056 pacto
1143 4011 1182 4044 er·

108 4083 199 4132 dentia‘
218 4083 305 4133 Cicero
323 4098 358 4132 or.
377 4086 419 4133 at.
