<?xml version="1.0" encoding="UTF-8"?>
<!DOCTYPE html PUBLIC "-//W3C//DTD XHTML 1.0 Transitional//EN"
    "http://www.w3.org/TR/xhtml1/DTD/xhtml1-transitional.dtd">
<html xmlns="http://www.w3.org/1999/xhtml" xml:lang="en" lang="en">
 <head>
  <title>
</title>
<meta http-equiv="Content-Type" content="text/html;charset=utf-8" />
  <meta name='ocr-system' content='tesseract 3.04.00' />
  <meta name='ocr-capabilities' content='ocr_page ocr_carea ocr_par ocr_line ocrx_word'/>
</head>
<body>
  <div class='ocr_page' id='page_1' title='image "./deearumquaevoca01guttgoog_0059.png"; bbox 0 0 2602 4560; ppageno 0'>
   <div class='ocr_carea' id='block_1_1' title="bbox 598 190 810 256">
    <p class='ocr_par' dir='ltr' id='par_1_1' title="bbox 598 190 810 256">
     <span class='ocr_line' id='line_1_1' title="bbox 598 190 810 256; baseline -0.014 -16"><span class='ocrx_word' id='word_1_1' title='bbox 598 190 810 256; x_wconf 47' lang='grc' dir='ltr'>,ἅμ</span> 
     </span>
    </p>
   </div>
   <div class='ocr_carea' id='block_1_2' title="bbox 161 345 1249 3217">
    <p class='ocr_par' dir='ltr' id='par_1_2' title="bbox 167 345 1250 528">
     <span class='ocr_line' id='line_1_2' title="bbox 245 345 1170 425; baseline 0.002 -16.858"><span class='ocrx_word' id='word_1_2' title='bbox 245 348 410 418; x_wconf 86' lang='lat' dir='ltr'>tantum,</span> <span class='ocrx_word' id='word_1_3' title='bbox 444 358 638 425; x_wconf 80' lang='lat' dir='ltr'>quantum3</span> <span class='ocrx_word' id='word_1_4' title='bbox 671 355 706 406; x_wconf 85' lang='lat' dir='ltr'>ct</span> <span class='ocrx_word' id='word_1_5' title='bbox 736 346 759 406; x_wconf 87' lang='lat' dir='ltr'>si</span> <span class='ocrx_word' id='word_1_6' title='bbox 863 365 939 419; x_wconf 85' lang='lat' dir='ltr'>eos,</span> <span class='ocrx_word' id='word_1_7' title='bbox 970 345 1051 425; x_wconf 87' lang='lat' dir='ltr'>qui;</span> <span class='ocrx_word' id='word_1_8' title='bbox 1081 353 1120 408; x_wconf 88' lang='lat' dir='ltr'>et</span> <span class='ocrx_word' id='word_1_9' title='bbox 1143 347 1170 408; x_wconf 86' lang='lat' dir='ltr'>ei</span> 
     </span>
     <span class='ocr_line' id='line_1_3' title="bbox 167 450 333 528; baseline -0.024 -17"><span class='ocrx_word' id='word_1_10' title='bbox 167 453 238 523; x_wconf 86' lang='lat' dir='ltr'>eie,</span> <span class='ocrx_word' id='word_1_11' title='bbox 261 450 333 528; x_wconf 92' lang='lat' dir='ltr'>qui.</span> 
     </span>
    </p>

    <p class='ocr_par' dir='ltr' id='par_1_3' title="bbox 164 543 1249 1450">
     <span class='ocr_line' id='line_1_4' title="bbox 252 543 1249 630; baseline 0 -18"><span class='ocrx_word' id='word_1_12' title='bbox 252 554 308 612; x_wconf 81' lang='lat' dir='ltr'>Est</span> <span class='ocrx_word' id='word_1_13' title='bbox 328 556 427 611; x_wconf 85' lang='lat' dir='ltr'>cutem</span> <span class='ocrx_word' id='word_1_14' title='bbox 449 551 546 627; x_wconf 85' lang='lat' dir='ltr'>prime</span> <span class='ocrx_word' id='word_1_15' title='bbox 565 551 706 628; x_wconf 80' lang='lat' dir='ltr'>periodus</span> <span class='ocrx_word' id='word_1_16' title='bbox 728 543 926 628; x_wconf 74' lang='grc' dir='ltr'><strong><em>τετράκωλος,</em></strong></span> <span class='ocrx_word' id='word_1_17' title='bbox 956 569 1034 630; x_wconf 89' lang='lat' dir='ltr'>quae</span> <span class='ocrx_word' id='word_1_18' title='bbox 1056 570 1126 610; x_wconf 91' lang='lat' dir='ltr'>cum</span> <span class='ocrx_word' id='word_1_19' title='bbox 1149 556 1249 612; x_wconf 88' lang='lat' dir='ltr'>extra·</span> 
     </span>
     <span class='ocr_line' id='line_1_5' title="bbox 165 653 1248 731; baseline 0 -17"><span class='ocrx_word' id='word_1_20' title='bbox 165 676 245 714; x_wconf 92' lang='lat' dir='ltr'>mum</span> <span class='ocrx_word' id='word_1_21' title='bbox 268 656 431 713; x_wconf 76' lang='lat' dir='ltr'><strong>membrum</strong></span> <span class='ocrx_word' id='word_1_22' title='bbox 455 654 555 712; x_wconf 88' lang='lat' dir='ltr'>omnia</span> <span class='ocrx_word' id='word_1_23' title='bbox 575 654 783 714; x_wconf 73' lang='lat' dir='ltr'>antecedentia</span> <span class='ocrx_word' id='word_1_24' title='bbox 804 653 992 730; x_wconf 75' lang='lat' dir='ltr'>longitudine</span> <span class='ocrx_word' id='word_1_25' title='bbox 1014 658 1155 731; x_wconf 83' lang='lat' dir='ltr'>superet,</span> <span class='ocrx_word' id='word_1_26' title='bbox 1186 655 1248 714; x_wconf 86' lang='lat' dir='ltr'>fcr-</span> 
     </span>
     <span class='ocr_line' id='line_1_6' title="bbox 167 755 1248 836; baseline -0.001 -18"><span class='ocrx_word' id='word_1_27' title='bbox 167 779 244 818; x_wconf 89' lang='lat' dir='ltr'>mcm</span> <span class='ocrx_word' id='word_1_28' title='bbox 267 755 395 835; x_wconf 75' lang='lat' dir='ltr'>ucplocv</span> <span class='ocrx_word' id='word_1_29' title='bbox 419 757 526 816; x_wconf 85' lang='lat' dir='ltr'>efficit:</span> <span class='ocrx_word' id='word_1_30' title='bbox 558 757 628 816; x_wconf 89' lang='lat' dir='ltr'>item</span> <span class='ocrx_word' id='word_1_31' title='bbox 653 756 746 816; x_wconf 88' lang='lat' dir='ltr'>altera</span> <span class='ocrx_word' id='word_1_32' title='bbox 768 763 798 817; x_wconf 87' lang='lat' dir='ltr'>et</span> <span class='ocrx_word' id='word_1_33' title='bbox 820 756 911 817; x_wconf 88' lang='lat' dir='ltr'>tertia</span> <span class='ocrx_word' id='word_1_34' title='bbox 931 757 1088 833; x_wconf 89' lang='lat' dir='ltr'>periodus,</span> <span class='ocrx_word' id='word_1_35' title='bbox 1119 777 1248 836; x_wconf 87' lang='lat' dir='ltr'>quarum</span> 
     </span>
     <span class='ocr_line' id='line_1_7' title="bbox 166 852 1249 940; baseline -0.001 -19"><span class='ocrx_word' id='word_1_36' title='bbox 166 868 292 940; x_wconf 84' lang='lat' dir='ltr'>utreque</span> <span class='ocrx_word' id='word_1_37' title='bbox 315 857 439 929; x_wconf 72' lang='lat' dir='ltr'>diuulcc</span> <span class='ocrx_word' id='word_1_38' title='bbox 461 864 507 919; x_wconf 90' lang='lat' dir='ltr'>est</span> <span class='ocrx_word' id='word_1_39' title='bbox 529 861 604 919; x_wconf 90' lang='lat' dir='ltr'>bene</span> <span class='ocrx_word' id='word_1_40' title='bbox 626 861 762 933; x_wconf 84' lang='lat' dir='ltr'>formata,</span> <span class='ocrx_word' id='word_1_41' title='bbox 785 859 922 921; x_wconf 76' lang='lat' dir='ltr'>efficiunt</span> <span class='ocrx_word' id='word_1_42' title='bbox 943 852 1080 937; x_wconf 78' lang='grc' dir='ltr'><strong><em>πάρισον.</em></strong></span> <span class='ocrx_word' id='word_1_43' title='bbox 1129 859 1192 920; x_wconf 80' lang='lat' dir='ltr'>sed</span> <span class='ocrx_word' id='word_1_44' title='bbox 1215 864 1249 920; x_wconf 89' lang='lat' dir='ltr'>ut</span> 
     </span>
     <span class='ocr_line' id='line_1_8' title="bbox 167 962 1247 1042; baseline -0.001 -19"><span class='ocrx_word' id='word_1_45' title='bbox 167 965 255 1042; x_wconf 86' lang='lat' dir='ltr'>plane</span> <span class='ocrx_word' id='word_1_46' title='bbox 286 963 464 1040; x_wconf 87' lang='lat' dir='ltr'>perspicias,</span> <span class='ocrx_word' id='word_1_47' title='bbox 497 982 585 1041; x_wconf 85' lang='lat' dir='ltr'>quam</span> <span class='ocrx_word' id='word_1_48' title='bbox 614 963 791 1039; x_wconf 80' lang='lat' dir='ltr'>patefactam</span> <span class='ocrx_word' id='word_1_49' title='bbox 814 962 985 1022; x_wconf 87' lang='lat' dir='ltr'>adhibuerit</span> <span class='ocrx_word' id='word_1_50' title='bbox 1006 968 1100 1022; x_wconf 83' lang='lat' dir='ltr'>artem</span> <span class='ocrx_word' id='word_1_51' title='bbox 1124 963 1247 1036; x_wconf 76' lang='lat' dir='ltr'>murex,</span> 
     </span>
     <span class='ocr_line' id='line_1_9' title="bbox 166 1064 1247 1144; baseline -0.003 -17"><span class='ocrx_word' id='word_1_52' title='bbox 166 1070 223 1127; x_wconf 90' lang='lat' dir='ltr'>hoc</span> <span class='ocrx_word' id='word_1_53' title='bbox 246 1066 389 1126; x_wconf 82' lang='lat' dir='ltr'>sabiniam</span> <span class='ocrx_word' id='word_1_54' title='bbox 414 1067 548 1138; x_wconf 87' lang='lat' dir='ltr'>schema,</span> <span class='ocrx_word' id='word_1_55' title='bbox 570 1065 602 1124; x_wconf 92' lang='lat' dir='ltr'>in</span> <span class='ocrx_word' id='word_1_56' title='bbox 626 1085 685 1144; x_wconf 93' lang='lat' dir='ltr'>quc</span> <span class='ocrx_word' id='word_1_57' title='bbox 708 1065 804 1142; x_wconf 87' lang='lat' dir='ltr'>prima</span> <span class='ocrx_word' id='word_1_58' title='bbox 824 1064 966 1142; x_wconf 82' lang='lat' dir='ltr'>periodus</span> <span class='ocrx_word' id='word_1_59' title='bbox 988 1083 1043 1142; x_wconf 89' lang='lat' dir='ltr'>per</span> <span class='ocrx_word' id='word_1_60' title='bbox 1064 1064 1200 1125; x_wconf 80' lang='lat' dir='ltr'>litteram</span> <span class='ocrx_word' id='word_1_61' title='bbox 1222 1085 1247 1139; x_wconf 85' lang='lat' dir='ltr'>a,</span> 
     </span>
     <span class='ocr_line' id='line_1_10' title="bbox 164 1165 1244 1247; baseline 0.001 -19"><span class='ocrx_word' id='word_1_62' title='bbox 164 1172 229 1230; x_wconf 88' lang='lat' dir='ltr'>eius</span> <span class='ocrx_word' id='word_1_63' title='bbox 251 1170 334 1247; x_wconf 89' lang='lat' dir='ltr'>prius</span> <span class='ocrx_word' id='word_1_64' title='bbox 355 1188 485 1246; x_wconf 87' lang='lat' dir='ltr'>perper</span> <span class='ocrx_word' id='word_1_65' title='bbox 507 1190 536 1240; x_wconf 85' lang='lat' dir='ltr'>c,</span> <span class='ocrx_word' id='word_1_66' title='bbox 559 1168 707 1245; x_wconf 86' lang='lat' dir='ltr'>posterius</span> <span class='ocrx_word' id='word_1_67' title='bbox 728 1187 782 1244; x_wconf 89' lang='lat' dir='ltr'>per</span> <span class='ocrx_word' id='word_1_68' title='bbox 804 1165 834 1243; x_wconf 84' lang='grc' dir='ltr'>β,</span> <span class='ocrx_word' id='word_1_69' title='bbox 857 1167 951 1227; x_wconf 84' lang='lat' dir='ltr'>altera</span> <span class='ocrx_word' id='word_1_70' title='bbox 972 1167 1114 1244; x_wconf 82' lang='lat' dir='ltr'>periodus</span> <span class='ocrx_word' id='word_1_71' title='bbox 1137 1187 1195 1246; x_wconf 90' lang='lat' dir='ltr'>per</span> <span class='ocrx_word' id='word_1_72' title='bbox 1215 1170 1244 1241; x_wconf 91' lang='lat' dir='ltr'>b,</span> 
     </span>
     <span class='ocr_line' id='line_1_11' title="bbox 164 1271 1246 1349; baseline -0.002 -17"><span class='ocrx_word' id='word_1_73' title='bbox 164 1273 255 1333; x_wconf 88' lang='lat' dir='ltr'>tertia</span> <span class='ocrx_word' id='word_1_74' title='bbox 283 1291 338 1349; x_wconf 91' lang='lat' dir='ltr'>per</span> <span class='ocrx_word' id='word_1_75' title='bbox 368 1292 400 1345; x_wconf 93' lang='lat' dir='ltr'>c,</span> <span class='ocrx_word' id='word_1_76' title='bbox 431 1274 535 1331; x_wconf 87' lang='lat' dir='ltr'>herum</span> <span class='ocrx_word' id='word_1_77' title='bbox 568 1273 691 1331; x_wconf 90' lang='lat' dir='ltr'>duarum</span> <span class='ocrx_word' id='word_1_78' title='bbox 720 1271 910 1347; x_wconf 89' lang='lat' dir='ltr'>periodorum</span> <span class='ocrx_word' id='word_1_79' title='bbox 939 1271 1113 1348; x_wconf 85' lang='lat' dir='ltr'>complexus</span> <span class='ocrx_word' id='word_1_80' title='bbox 1143 1272 1246 1349; x_wconf 90' lang='lat' dir='ltr'>perB</span> 
     </span>
     <span class='ocr_line' id='line_1_12' title="bbox 164 1375 716 1450; baseline -0.002 -15"><span class='ocrx_word' id='word_1_81' title='bbox 164 1375 362 1450; x_wconf 84' lang='lat' dir='ltr'>significatur:</span> <span class='ocrx_word' id='word_1_82' title='bbox 697 1430 716 1449; x_wconf 41' lang='grc'>,-</span> 
     </span>
    </p>

    <p class='ocr_par' dir='ltr' id='par_1_4' title="bbox 429 1478 949 1674">
     <span class='ocr_line' id='line_1_13' title="bbox 499 1478 728 1536; baseline -0.004 0"><span class='ocrx_word' id='word_1_83' title='bbox 499 1496 515 1536; x_wconf 78' lang='lat' dir='ltr'>a</span> <span class='ocrx_word' id='word_1_84' title='bbox 587 1503 631 1529; x_wconf 95' lang='lat'>=</span> <span class='ocrx_word' id='word_1_85' title='bbox 704 1478 728 1535; x_wconf 89' lang='lat' dir='ltr'>B</span> 
     </span>
     <span class='ocr_line' id='line_1_14' title="bbox 429 1554 949 1674; baseline 0 -18"><span class='ocrx_word' id='word_1_86' title='bbox 429 1555 588 1674; x_wconf 48' lang='lat' dir='ltr'>m</span> <span class='ocrx_word' id='word_1_87' title='bbox 608 1621 615 1657; x_wconf 91' lang='lat'><strong>:</strong></span> <span class='ocrx_word' id='word_1_88' title='bbox 638 1554 795 1666; x_wconf 48' lang='grc' dir='ltr'>Ἠ</span> <span class='ocrx_word' id='word_1_89' title='bbox 809 1624 852 1649; x_wconf 94' lang='lat'>=</span> <span class='ocrx_word' id='word_1_90' title='bbox 868 1603 886 1655; x_wconf 76' lang='lat'>2</span> <span class='ocrx_word' id='word_1_91' title='bbox 901 1619 908 1657; x_wconf 70' lang='grc' dir='ltr'><strong>ι</strong></span> <span class='ocrx_word' id='word_1_92' title='bbox 921 1602 949 1656; x_wconf 80' lang='grc'>3.</span> 
     </span>
    </p>

    <p class='ocr_par' dir='ltr' id='par_1_5' title="bbox 225 1698 1246 2090">
     <span class='ocr_line' id='line_1_15' title="bbox 291 1698 1246 1781; baseline -0.001 -22"><span class='ocrx_word' id='word_1_93' title='bbox 291 1698 341 1778; x_wconf 80' lang='lat'>§3</span> <span class='ocrx_word' id='word_1_94' title='bbox 376 1704 496 1781; x_wconf 83' lang='lat' dir='ltr'>„Atque</span> <span class='ocrx_word' id='word_1_95' title='bbox 524 1705 614 1761; x_wconf 90' lang='lat' dir='ltr'>illud</span> <span class='ocrx_word' id='word_1_96' title='bbox 643 1700 779 1777; x_wconf 89' lang='lat' dir='ltr'>inprimis</span> <span class='ocrx_word' id='word_1_97' title='bbox 801 1700 872 1759; x_wconf 87' lang='lat' dir='ltr'>milri</span> <span class='ocrx_word' id='word_1_98' title='bbox 896 1699 1065 1760; x_wconf 90' lang='lat' dir='ltr'>laetandum</span> <span class='ocrx_word' id='word_1_99' title='bbox 1089 1698 1157 1758; x_wconf 92' lang='lat' dir='ltr'>iure</span> <span class='ocrx_word' id='word_1_100' title='bbox 1180 1718 1246 1758; x_wconf 88' lang='lat' dir='ltr'>esse</span> 
     </span>
     <span class='ocr_line' id='line_1_16' title="bbox 226 1797 1245 1884; baseline -0.001 -22"><span class='ocrx_word' id='word_1_101' title='bbox 226 1804 342 1876; x_wconf 86' lang='lat' dir='ltr'>„videc,</span> <span class='ocrx_word' id='word_1_102' title='bbox 363 1797 369 1884; x_wconf 79' lang='grc' dir='ltr'>Ι</span> <span class='ocrx_word' id='word_1_103' title='bbox 388 1805 467 1882; x_wconf 92' lang='lat' dir='ltr'>quod</span> <span class='ocrx_word' id='word_1_104' title='bbox 498 1804 530 1862; x_wconf 89' lang='lat' dir='ltr'>in</span> <span class='ocrx_word' id='word_1_105' title='bbox 552 1805 607 1863; x_wconf 87' lang='lat' dir='ltr'>hcc</span> <span class='ocrx_word' id='word_1_106' title='bbox 628 1802 749 1863; x_wconf 86' lang='lat' dir='ltr'>insolita</span> <span class='ocrx_word' id='word_1_107' title='bbox 775 1804 848 1862; x_wconf 92' lang='lat' dir='ltr'>mihi</span> <span class='ocrx_word' id='word_1_108' title='bbox 878 1824 916 1862; x_wconf 83' lang='lat' dir='ltr'>ex</span> <span class='ocrx_word' id='word_1_109' title='bbox 946 1803 1003 1861; x_wconf 91' lang='lat' dir='ltr'>hcc</span> <span class='ocrx_word' id='word_1_110' title='bbox 1031 1801 1097 1860; x_wconf 93' lang='lat' dir='ltr'>lccc</span> <span class='ocrx_word' id='word_1_111' title='bbox 1125 1802 1245 1862; x_wconf 85' lang='lat' dir='ltr'>ratione</span> 
     </span>
     <span class='ocr_line' id='line_1_17' title="bbox 225 1904 1244 1986; baseline 0.001 -23"><span class='ocrx_word' id='word_1_112' title='bbox 225 1906 361 1978; x_wconf 90' lang='lat' dir='ltr'>„dicendi</span> <span class='ocrx_word' id='word_1_113' title='bbox 385 1925 473 1966; x_wconf 88' lang='lat' dir='ltr'>causa</span> <span class='ocrx_word' id='word_1_114' title='bbox 494 1909 576 1967; x_wconf 82' lang='lat' dir='ltr'>tells</span> <span class='ocrx_word' id='word_1_115' title='bbox 595 1906 694 1966; x_wconf 87' lang='lat' dir='ltr'>oblata</span> <span class='ocrx_word' id='word_1_116' title='bbox 710 1912 763 1978; x_wconf 91' lang='lat' dir='ltr'>est,</span> <span class='ocrx_word' id='word_1_117' title='bbox 784 1904 788 1984; x_wconf 87' lang='grc' dir='ltr'>Ι</span> <span class='ocrx_word' id='word_1_118' title='bbox 807 1906 839 1964; x_wconf 92' lang='lat' dir='ltr'>in</span> <span class='ocrx_word' id='word_1_119' title='bbox 863 1925 922 1986; x_wconf 88' lang='lat' dir='ltr'>qua</span> <span class='ocrx_word' id='word_1_120' title='bbox 944 1905 1039 1966; x_wconf 84' lang='lat' dir='ltr'>oratic</span> <span class='ocrx_word' id='word_1_121' title='bbox 1063 1906 1169 1965; x_wconf 86' lang='lat' dir='ltr'>deesse</span> <span class='ocrx_word' id='word_1_122' title='bbox 1191 1925 1244 1964; x_wconf 92' lang='lat' dir='ltr'>ne-</span> 
     </span>
     <span class='ocr_line' id='line_1_18' title="bbox 226 2003 491 2090; baseline 0.008 -25"><span class='ocrx_word' id='word_1_123' title='bbox 226 2009 318 2080; x_wconf 89' lang='lat' dir='ltr'>„mini</span> <span class='ocrx_word' id='word_1_124' title='bbox 341 2008 463 2084; x_wconf 87' lang='lat' dir='ltr'>possit.“</span> <span class='ocrx_word' id='word_1_125' title='bbox 480 2003 491 2090; x_wconf 89' lang='grc' dir='ltr'>ΙΙ</span> 
     </span>
    </p>

    <p class='ocr_par' dir='ltr' id='par_1_6' title="bbox 161 2109 1244 2288">
     <span class='ocr_line' id='line_1_19' title="bbox 161 2109 1244 2187; baseline 0 -17"><span class='ocrx_word' id='word_1_126' title='bbox 161 2112 218 2170; x_wconf 83' lang='lat' dir='ltr'>Est</span> <span class='ocrx_word' id='word_1_127' title='bbox 241 2109 380 2183; x_wconf 66' lang='lat' dir='ltr'>discolor,</span> <span class='ocrx_word' id='word_1_128' title='bbox 403 2110 486 2170; x_wconf 90' lang='lat' dir='ltr'>cuius</span> <span class='ocrx_word' id='word_1_129' title='bbox 508 2110 670 2170; x_wconf 86' lang='lat' dir='ltr'>incisiones</span> <span class='ocrx_word' id='word_1_130' title='bbox 691 2109 825 2187; x_wconf 89' lang='lat' dir='ltr'>insigues</span> <span class='ocrx_word' id='word_1_131' title='bbox 846 2111 942 2171; x_wconf 84' lang='lat' dir='ltr'>lectae</span> <span class='ocrx_word' id='word_1_132' title='bbox 965 2115 1035 2170; x_wconf 85' lang='lat' dir='ltr'>sunt</span> <span class='ocrx_word' id='word_1_133' title='bbox 1056 2109 1114 2170; x_wconf 91' lang='lat' dir='ltr'>hoc</span> <span class='ocrx_word' id='word_1_134' title='bbox 1136 2111 1244 2170; x_wconf 89' lang='lat' dir='ltr'>modo:</span> 
     </span>
     <span class='ocr_line' id='line_1_20' title="bbox 161 2213 396 2288; baseline 0.013 -17"><span class='ocrx_word' id='word_1_135' title='bbox 161 2214 275 2288; x_wconf 87' lang='lat' dir='ltr'>illud;</span> <span class='ocrx_word' id='word_1_136' title='bbox 296 2213 396 2274; x_wconf 86' lang='lat' dir='ltr'>talis.</span> 
     </span>
    </p>

    <p class='ocr_par' dir='ltr' id='par_1_7' title="bbox 163 2315 1243 2480">
     <span class='ocr_line' id='line_1_21' title="bbox 247 2315 1243 2398; baseline 0 -22"><span class='ocrx_word' id='word_1_137' title='bbox 247 2318 389 2398; x_wconf 84' lang='lat' dir='ltr'>Sequitur</span> <span class='ocrx_word' id='word_1_138' title='bbox 410 2321 616 2392; x_wconf 82' lang='lat' dir='ltr'>argumentum</span> <span class='ocrx_word' id='word_1_139' title='bbox 632 2317 775 2377; x_wconf 84' lang='lat' dir='ltr'>orationis</span> <span class='ocrx_word' id='word_1_140' title='bbox 798 2318 913 2377; x_wconf 87' lang='lat' dir='ltr'>dnobus</span> <span class='ocrx_word' id='word_1_141' title='bbox 934 2316 984 2376; x_wconf 84' lang='lat' dir='ltr'>vel</span> <span class='ocrx_word' id='word_1_142' title='bbox 1005 2315 1102 2375; x_wconf 88' lang='lat' dir='ltr'>tribue</span> <span class='ocrx_word' id='word_1_143' title='bbox 1118 2334 1243 2392; x_wconf 86' lang='lat' dir='ltr'>expres·</span> 
     </span>
     <span class='ocr_line' id='line_1_22' title="bbox 163 2419 879 2480; baseline 0.001 -1"><span class='ocrx_word' id='word_1_144' title='bbox 163 2442 227 2480; x_wconf 89' lang='lat' dir='ltr'>eum</span> <span class='ocrx_word' id='word_1_145' title='bbox 250 2419 416 2480; x_wconf 88' lang='lat' dir='ltr'>enuntietis</span> <span class='ocrx_word' id='word_1_146' title='bbox 437 2420 517 2479; x_wconf 88' lang='lat' dir='ltr'>haud</span> <span class='ocrx_word' id='word_1_147' title='bbox 541 2439 697 2479; x_wconf 89' lang='lat' dir='ltr'>numerose</span> <span class='ocrx_word' id='word_1_148' title='bbox 719 2420 879 2480; x_wconf 87' lang='lat' dir='ltr'>institutis:</span> 
     </span>
    </p>

    <p class='ocr_par' dir='ltr' id='par_1_8' title="bbox 226 2519 1242 2911">
     <span class='ocr_line' id='line_1_23' title="bbox 290 2519 1242 2598; baseline 0.001 -19"><span class='ocrx_word' id='word_1_149' title='bbox 290 2521 475 2596; x_wconf 75' lang='lat' dir='ltr'>„Dicendum</span> <span class='ocrx_word' id='word_1_150' title='bbox 498 2526 544 2581; x_wconf 89' lang='lat' dir='ltr'>est</span> <span class='ocrx_word' id='word_1_151' title='bbox 566 2522 645 2580; x_wconf 88' lang='lat' dir='ltr'>enim</span> <span class='ocrx_word' id='word_1_152' title='bbox 668 2523 704 2580; x_wconf 96' lang='lat' dir='ltr'>de</span> <span class='ocrx_word' id='word_1_153' title='bbox 726 2522 777 2580; x_wconf 83' lang='lat' dir='ltr'>On.</span> <span class='ocrx_word' id='word_1_154' title='bbox 802 2520 926 2598; x_wconf 89' lang='lat' dir='ltr'>Pompei</span> <span class='ocrx_word' id='word_1_155' title='bbox 948 2519 1092 2597; x_wconf 83' lang='lat' dir='ltr'>singulari</span> <span class='ocrx_word' id='word_1_156' title='bbox 1115 2521 1242 2580; x_wconf 86' lang='lat' dir='ltr'>eximia·</span> 
     </span>
     <span class='ocr_line' id='line_1_24' title="bbox 226 2623 1240 2706; baseline -0.003 -21"><span class='ocrx_word' id='word_1_157' title='bbox 226 2644 304 2706; x_wconf 91' lang='lat' dir='ltr'>„que</span> <span class='ocrx_word' id='word_1_158' title='bbox 326 2625 453 2685; x_wconf 85' lang='lat' dir='ltr'>virtute:</span> <span class='ocrx_word' id='word_1_159' title='bbox 481 2624 571 2684; x_wconf 87' lang='lat' dir='ltr'>huius</span> <span class='ocrx_word' id='word_1_160' title='bbox 592 2630 691 2684; x_wconf 87' lang='lat' dir='ltr'>autem</span> <span class='ocrx_word' id='word_1_161' title='bbox 715 2623 858 2685; x_wconf 89' lang='lat' dir='ltr'>orationis</span> <span class='ocrx_word' id='word_1_162' title='bbox 881 2624 1033 2685; x_wconf 84' lang='lat' dir='ltr'>difficilius</span> <span class='ocrx_word' id='word_1_163' title='bbox 1056 2628 1102 2683; x_wconf 86' lang='lat' dir='ltr'>est</span> <span class='ocrx_word' id='word_1_164' title='bbox 1123 2624 1240 2685; x_wconf 90' lang='lat' dir='ltr'>exitum</span> 
     </span>
     <span class='ocr_line' id='line_1_25' title="bbox 226 2727 1241 2809; baseline -0.002 -21"><span class='ocrx_word' id='word_1_165' title='bbox 226 2749 334 2809; x_wconf 88' lang='lat' dir='ltr'>„quam</span> <span class='ocrx_word' id='word_1_166' title='bbox 356 2729 538 2806; x_wconf 88' lang='lat' dir='ltr'>principium</span> <span class='ocrx_word' id='word_1_167' title='bbox 555 2728 700 2788; x_wconf 77' lang='lat' dir='ltr'>invenire.</span> <span class='ocrx_word' id='word_1_168' title='bbox 744 2731 792 2789; x_wconf 90' lang='lat' dir='ltr'>Ita</span> <span class='ocrx_word' id='word_1_169' title='bbox 807 2729 879 2789; x_wconf 83' lang='lat' dir='ltr'>milri</span> <span class='ocrx_word' id='word_1_170' title='bbox 896 2749 957 2789; x_wconf 90' lang='lat' dir='ltr'>non</span> <span class='ocrx_word' id='word_1_171' title='bbox 971 2734 1032 2789; x_wconf 89' lang='lat' dir='ltr'>tam</span> <span class='ocrx_word' id='word_1_172' title='bbox 1048 2727 1134 2806; x_wconf 90' lang='lat' dir='ltr'>copia</span> <span class='ocrx_word' id='word_1_173' title='bbox 1149 2747 1241 2807; x_wconf 86' lang='lat' dir='ltr'>qnam</span> 
     </span>
     <span class='ocr_line' id='line_1_26' title="bbox 226 2829 859 2911; baseline 0.003 -21"><span class='ocrx_word' id='word_1_174' title='bbox 226 2833 350 2905; x_wconf 90' lang='lat' dir='ltr'>„modus</span> <span class='ocrx_word' id='word_1_175' title='bbox 372 2829 404 2890; x_wconf 90' lang='lat' dir='ltr'>in</span> <span class='ocrx_word' id='word_1_176' title='bbox 427 2832 552 2892; x_wconf 89' lang='lat' dir='ltr'>dicendo</span> <span class='ocrx_word' id='word_1_177' title='bbox 575 2833 763 2911; x_wconf 88' lang='lat' dir='ltr'>quaerendus</span> <span class='ocrx_word' id='word_1_178' title='bbox 786 2836 859 2892; x_wconf 91' lang='lat' dir='ltr'>est.“</span> 
     </span>
    </p>

    <p class='ocr_par' dir='ltr' id='par_1_9' title="bbox 161 2933 1240 3217">
     <span class='ocr_line' id='line_1_27' title="bbox 162 2933 1240 3012; baseline 0.001 -20"><span class='ocrx_word' id='word_1_179' title='bbox 162 2933 267 2994; x_wconf 76' lang='lat' dir='ltr'>Statim</span> <span class='ocrx_word' id='word_1_180' title='bbox 297 2939 395 2994; x_wconf 85' lang='lat' dir='ltr'>autam</span> <span class='ocrx_word' id='word_1_181' title='bbox 423 2935 623 2995; x_wconf 86' lang='lat' dir='ltr'>narrationem</span> <span class='ocrx_word' id='word_1_182' title='bbox 653 2934 804 3011; x_wconf 87' lang='lat' dir='ltr'>ingressus</span> <span class='ocrx_word' id='word_1_183' title='bbox 834 2935 992 3012; x_wconf 87' lang='lat' dir='ltr'>complexu</span> <span class='ocrx_word' id='word_1_184' title='bbox 1022 2933 1117 2994; x_wconf 88' lang='lat' dir='ltr'>utitur</span> <span class='ocrx_word' id='word_1_185' title='bbox 1139 2938 1240 2994; x_wconf 88' lang='lat' dir='ltr'>orator</span> 
     </span>
     <span class='ocr_line' id='line_1_28' title="bbox 163 3033 1238 3117; baseline 0.003 -22"><span class='ocrx_word' id='word_1_186' title='bbox 163 3038 285 3095; x_wconf 89' lang='lat' dir='ltr'>ducrum</span> <span class='ocrx_word' id='word_1_187' title='bbox 308 3037 512 3114; x_wconf 85' lang='lat' dir='ltr'>periodorum,</span> <span class='ocrx_word' id='word_1_188' title='bbox 535 3057 659 3117; x_wconf 89' lang='lat' dir='ltr'>quarum</span> <span class='ocrx_word' id='word_1_189' title='bbox 682 3039 776 3099; x_wconf 83' lang='lat' dir='ltr'>altera</span> <span class='ocrx_word' id='word_1_190' title='bbox 797 3043 843 3098; x_wconf 90' lang='lat' dir='ltr'>est</span> <span class='ocrx_word' id='word_1_191' title='bbox 865 3035 1008 3110; x_wconf 61' lang='lat' dir='ltr'>discolor,</span> <span class='ocrx_word' id='word_1_192' title='bbox 1031 3038 1125 3098; x_wconf 89' lang='lat' dir='ltr'>ultera</span> <span class='ocrx_word' id='word_1_193' title='bbox 1147 3033 1238 3114; x_wconf 81' lang='grc' dir='ltr'><strong><em>μονό-</em></strong></span> 
     </span>
     <span class='ocr_line' id='line_1_29' title="bbox 161 3139 356 3217; baseline 0.01 -20"><span class='ocrx_word' id='word_1_194' title='bbox 161 3140 256 3209; x_wconf 76' lang='grc' dir='ltr'><strong><em>κωλος</em></strong></span> <span class='ocrx_word' id='word_1_195' title='bbox 269 3139 356 3217; x_wconf 74' lang='lat'>¹³4):</span> 
     </span>
    </p>
   </div>
   <div class='ocr_carea' id='block_1_3' title="bbox 290 3240 1238 3327">
    <p class='ocr_par' dir='ltr' id='par_1_10' title="bbox 290 3240 1238 3327">
     <span class='ocr_line' id='line_1_30' title="bbox 290 3240 1238 3327; baseline 0.004 -25"><span class='ocrx_word' id='word_1_196' title='bbox 290 3241 343 3320; x_wconf 75' lang='lat'>§4</span> <span class='ocrx_word' id='word_1_197' title='bbox 366 3245 486 3323; x_wconf 81' lang='lat' dir='ltr'>„Atque</span> <span class='ocrx_word' id='word_1_198' title='bbox 507 3250 549 3303; x_wconf 89' lang='lat' dir='ltr'>ut</span> <span class='ocrx_word' id='word_1_199' title='bbox 569 3243 658 3303; x_wconf 90' lang='lat' dir='ltr'>inde</span> <span class='ocrx_word' id='word_1_200' title='bbox 681 3244 776 3303; x_wconf 83' lang='lat' dir='ltr'>oratic</span> <span class='ocrx_word' id='word_1_201' title='bbox 799 3260 865 3302; x_wconf 87' lang='lat' dir='ltr'>mea</span> <span class='ocrx_word' id='word_1_202' title='bbox 886 3243 1096 3320; x_wconf 83' lang='lat' dir='ltr'>proficiscatur,</span> <span class='ocrx_word' id='word_1_203' title='bbox 1117 3240 1238 3327; x_wconf 76' lang='lat' dir='ltr'>lunda</span> 
     </span>
    </p>
   </div>
   <div class='ocr_carea' id='block_1_4' title="bbox 161 3342 1238 3943">
    <p class='ocr_par' dir='ltr' id='par_1_11' title="bbox 224 3342 1238 3831">
     <span class='ocr_line' id='line_1_31' title="bbox 224 3342 1236 3429; baseline 0.005 -25"><span class='ocrx_word' id='word_1_204' title='bbox 224 3346 317 3418; x_wconf 89' lang='lat' dir='ltr'>„haec</span> <span class='ocrx_word' id='word_1_205' title='bbox 338 3346 434 3404; x_wconf 89' lang='lat' dir='ltr'>omnis</span> <span class='ocrx_word' id='word_1_206' title='bbox 456 3364 544 3406; x_wconf 85' lang='lat' dir='ltr'>cause</span> <span class='ocrx_word' id='word_1_207' title='bbox 566 3345 691 3421; x_wconf 87' lang='lat' dir='ltr'>ducitur,</span> <span class='ocrx_word' id='word_1_208' title='bbox 712 3342 717 3429; x_wconf 75' lang='lat' dir='ltr'>l</span> <span class='ocrx_word' id='word_1_209' title='bbox 736 3345 846 3406; x_wconf 93' lang='lat' dir='ltr'>bellum</span> <span class='ocrx_word' id='word_1_210' title='bbox 869 3365 959 3421; x_wconf 83' lang='lat' dir='ltr'>grave</span> <span class='ocrx_word' id='word_1_211' title='bbox 982 3351 1013 3407; x_wconf 91' lang='lat' dir='ltr'>et</span> <span class='ocrx_word' id='word_1_212' title='bbox 1033 3346 1236 3423; x_wconf 83' lang='lat' dir='ltr'>periculosum</span> 
     </span>
     <span class='ocr_line' id='line_1_32' title="bbox 226 3449 1238 3528; baseline 0.001 -19"><span class='ocrx_word' id='word_1_213' title='bbox 226 3449 353 3522; x_wconf 79' lang='lat' dir='ltr'>„restris</span> <span class='ocrx_word' id='word_1_214' title='bbox 374 3449 572 3525; x_wconf 82' lang='lat' dir='ltr'>vectigalibus</span> <span class='ocrx_word' id='word_1_215' title='bbox 594 3469 628 3510; x_wconf 89' lang='lat' dir='ltr'>ac</span> <span class='ocrx_word' id='word_1_216' title='bbox 643 3450 731 3510; x_wconf 84' lang='lat' dir='ltr'>sociis</span> <span class='ocrx_word' id='word_1_217' title='bbox 753 3449 900 3509; x_wconf 86' lang='lat' dir='ltr'>aduobus</span> <span class='ocrx_word' id='word_1_218' title='bbox 922 3449 1137 3527; x_wconf 80' lang='lat' dir='ltr'>potentissimis</span> <span class='ocrx_word' id='word_1_219' title='bbox 1158 3452 1238 3528; x_wconf 87' lang='lat' dir='ltr'>regi·</span> 
     </span>
     <span class='ocr_line' id='line_1_33' title="bbox 225 3548 1237 3635; baseline 0.004 -25"><span class='ocrx_word' id='word_1_220' title='bbox 225 3552 299 3624; x_wconf 87' lang='lat' dir='ltr'>„bue</span> <span class='ocrx_word' id='word_1_221' title='bbox 320 3551 464 3624; x_wconf 83' lang='lat' dir='ltr'>infertur,</span> <span class='ocrx_word' id='word_1_222' title='bbox 487 3550 662 3612; x_wconf 83' lang='lat' dir='ltr'>Mithridate</span> <span class='ocrx_word' id='word_1_223' title='bbox 685 3558 716 3612; x_wconf 90' lang='lat' dir='ltr'>et</span> <span class='ocrx_word' id='word_1_224' title='bbox 738 3552 874 3627; x_wconf 79' lang='lat' dir='ltr'>Tigrane,</span> <span class='ocrx_word' id='word_1_225' title='bbox 891 3548 903 3635; x_wconf 85' lang='grc' dir='ltr'>ΙΙ</span> <span class='ocrx_word' id='word_1_226' title='bbox 919 3573 1044 3632; x_wconf 91' lang='lat' dir='ltr'>quorum</span> <span class='ocrx_word' id='word_1_227' title='bbox 1068 3554 1170 3613; x_wconf 88' lang='lat' dir='ltr'>alter</span> <span class='ocrx_word' id='word_1_228' title='bbox 1190 3574 1237 3614; x_wconf 91' lang='lat' dir='ltr'>re·</span> 
     </span>
     <span class='ocr_line' id='line_1_34' title="bbox 224 3651 1236 3736; baseline 0.004 -23"><span class='ocrx_word' id='word_1_229' title='bbox 224 3654 332 3729; x_wconf 85' lang='lat' dir='ltr'>„lictus</span> <span class='ocrx_word' id='word_1_230' title='bbox 351 3651 356 3736; x_wconf 87' lang='grc' dir='ltr'>Ι</span> <span class='ocrx_word' id='word_1_231' title='bbox 375 3655 475 3714; x_wconf 88' lang='lat' dir='ltr'>alter</span> <span class='ocrx_word' id='word_1_232' title='bbox 495 3651 675 3734; x_wconf 74' lang='lat' dir='ltr'>lacessitus}</span> <span class='ocrx_word' id='word_1_233' title='bbox 694 3655 879 3715; x_wconf 88' lang='lat' dir='ltr'>occasionem</span> <span class='ocrx_word' id='word_1_234' title='bbox 901 3656 958 3716; x_wconf 87' lang='lat' dir='ltr'>sibi</span> <span class='ocrx_word' id='word_1_235' title='bbox 981 3658 1018 3716; x_wconf 90' lang='lat' dir='ltr'>ad</span> <span class='ocrx_word' id='word_1_236' title='bbox 1034 3659 1236 3733; x_wconf 84' lang='lat' dir='ltr'>occupandam</span> 
     </span>
     <span class='ocr_line' id='line_1_35' title="bbox 226 3758 818 3831; baseline 0 -15"><span class='ocrx_word' id='word_1_237' title='bbox 226 3759 346 3831; x_wconf 82' lang='lat' dir='ltr'>„Asiam</span> <span class='ocrx_word' id='word_1_238' title='bbox 369 3758 498 3818; x_wconf 82' lang='lat' dir='ltr'>oblatam</span> <span class='ocrx_word' id='word_1_239' title='bbox 521 3777 586 3817; x_wconf 84' lang='lat' dir='ltr'>esec</span> <span class='ocrx_word' id='word_1_240' title='bbox 608 3758 818 3818; x_wconf 80' lang='lat' dir='ltr'>arbitrantur.“</span> 
     </span>
    </p>

    <p class='ocr_par' dir='ltr' id='par_1_12' title="bbox 161 3862 1236 3943">
     <span class='ocr_line' id='line_1_36' title="bbox 161 3862 1236 3943; baseline 0.004 -23"><span class='ocrx_word' id='word_1_241' title='bbox 161 3862 234 3921; x_wconf 83' lang='lat' dir='ltr'>Tum</span> <span class='ocrx_word' id='word_1_242' title='bbox 265 3866 369 3938; x_wconf 89' lang='lat' dir='ltr'>utpote</span> <span class='ocrx_word' id='word_1_243' title='bbox 393 3862 444 3943; x_wconf 87' lang='lat' dir='ltr'>qui</span> <span class='ocrx_word' id='word_1_244' title='bbox 463 3862 672 3935; x_wconf 79' lang='lat' dir='ltr'>referentium,</span> <span class='ocrx_word' id='word_1_245' title='bbox 703 3881 763 3921; x_wconf 88' lang='lat' dir='ltr'>non</span> <span class='ocrx_word' id='word_1_246' title='bbox 797 3864 926 3924; x_wconf 87' lang='lat' dir='ltr'>oratorie</span> <span class='ocrx_word' id='word_1_247' title='bbox 953 3881 1118 3923; x_wconf 86' lang='lat' dir='ltr'>sermonem</span> <span class='ocrx_word' id='word_1_248' title='bbox 1148 3882 1236 3924; x_wconf 88' lang='lat' dir='ltr'>exor-</span> 
     </span>
    </p>
   </div>
   <div class='ocr_carea' id='block_1_5' title="bbox 231 4063 714 4134">
    <p class='ocr_par' dir='ltr' id='par_1_13' title="bbox 231 4063 714 4134">
     <span class='ocr_line' id='line_1_37' title="bbox 231 4063 714 4134; baseline 0.006 -20"><span class='ocrx_word' id='word_1_249' title='bbox 231 4063 292 4134; x_wconf 79' lang='grc'>134)</span> <span class='ocrx_word' id='word_1_250' title='bbox 310 4068 342 4118; x_wconf 80' lang='lat' dir='ltr'>ci.</span> <span class='ocrx_word' id='word_1_251' title='bbox 361 4067 552 4117; x_wconf 82' lang='lat' dir='ltr'>Berubcrdtium</span> <span class='ocrx_word' id='word_1_252' title='bbox 570 4069 586 4116; x_wconf 88' lang='lat' dir='ltr'>l.</span> <span class='ocrx_word' id='word_1_253' title='bbox 599 4069 615 4116; x_wconf 90' lang='lat' dir='ltr'>l.</span> <span class='ocrx_word' id='word_1_254' title='bbox 633 4082 657 4131; x_wconf 93' lang='lat' dir='ltr'>p.</span> <span class='ocrx_word' id='word_1_255' title='bbox 675 4070 714 4117; x_wconf 85' lang='lat'>11.</span> 
     </span>
    </p>
   </div>
   <div class='ocr_carea' id='block_1_6' title="bbox 0 0 1306 4560">
    <p class='ocr_par' dir='ltr' id='par_1_14' title="bbox 0 0 1306 4560">
     <span class='ocr_line' id='line_1_38' title="bbox 0 0 1306 4560; baseline 0 3"><span class='ocrx_word' id='word_1_256' title='bbox 0 0 1306 4560; x_wconf 95' lang='lat' dir='ltr'> </span> 
     </span>
    </p>
   </div>
  </div>
 </body>
</html>
