2602 4560
512 187 725 294 ..15-

464 437 509 484 1v.
540 431 634 502 ’Ἀπαξ
651 434 777 502 εἰρημένα.

169 545 248 603 Phil.
268 544 315 617 11,
339 547 395 602 101
421 541 697 618 grandifer62).
740 542 780 600 ib.
804 547 862 600 164
893 544 1158 618 perbacchari,

84 649 163 726 quod
186 646 363 707 vocabulum
386 646 411 704 si
435 646 508 704 fides
531 650 576 704 est
597 645 734 702 habenda
761 644 866 704 lexicis
895 644 977 703 nullo
1008 645 1067 703 alio
1099 645 1158 704 nisi

82 749 228 809 hocloco
251 755 281 809 et
303 749 455 807 Claudiae.
471 749 501 806 b.
520 748 585 805 Get.
604 752 665 804 242
689 747 880 823 conspicitur.
917 748 984 821 VII,
1007 745 1043 805 19
1074 768 1159 824 pro-

83 853 371 931 spicientiass).
410 851 483 925 XII,
507 857 523 907 3
548 849 863 926 pacificatorius.
898 851 938 908 ib.
959 856 998 908 24
1022 852 1159 909 subur-

81 955 257 1030 bium64).

171 1059 254 1118 Haec
278 1051 328 1116 i'rr.
353 1053 404 1136 εἶρ.
429 1062 497 1134 apte
521 1056 674 1133 excipiant

304 1210 334 1258 V.
372 1209 498 1270 Singulae
516 1210 642 1270 quaedam
659 1220 735 1257 voces
747 1207 943 1268 locutionesque

82 1317 277 1393 poeticae,
301 1314 464 1392 priscae,
497 1313 625 1393 denique
648 1331 751 1371 omnes
773 1331 968 1391 quaecunque
991 1313 1097 1390 quavis
1119 1332 1159 1370 ex

82 1424 168 1495 parte
190 1417 409 1498 quaesitius
432 1416 571 1495 quiddam
593 1415 735 1476 videntur
757 1419 907 1490 appetere.

168 1522 368 1580 Poeticam
391 1519 553 1577 dictionem
576 1518 723 1592 stringere
746 1517 822 1575 mihi
843 1517 985 1577 videntur
1007 1518 1158 1595 haec⁶⁵):

168 1625 241 1699 imp.
257 1624 363 1698 Pomp.
383 1627 422 1679 26
446 1621 586 1680 bellum
609 1621 708 1699 quod
731 1619 976 1695 coniungunt
997 1640 1083 1694 reges
1105 1642 1156 1696 po·

84 1724 307 1803 tentissimiflss)
328 1751 372 1775 =
394 1726 474 1805 quod
497 1724 678 1782 coniunctim
702 1729 818 1798 gerunt.

170 1831 232 1888 Mil.
251 1834 290 1887 98
315 1829 522 1888 centesima
543 1827 611 1884 lux
634 1832 679 1886 est
700 1828 774 1884 haec
797 1829 833 1885 ab
858 1827 981 1886 interitu
1007 1830 1040 1886 P.
1061 1829 1157 1888 clodii

83 1933 221 1991 etaltera
242 1932 486 1990 :centesimus
509 1938 539 1989 et
561 1929 636 1989 alter
658 1930 737 1988 diest
760 1949 849 2008 quam
871 1931 1081 2006 metonymiam
1104 1935 1158 1993 vix

81 2038 159 2112 apud
182 2035 272 2093 alium
294 2036 431 2095 invenies
452 2039 543 2113 atque
562 2034 639 2108 apud
655 2036 766 2109 poetas,
790 2038 824 2091 ut
839 2033 927 2107 Verg.
945 2039 1019 2092 Aen.
1037 2037 1077 2108 X,
1095 2042 1156 2094 244

81 2141 210 2196 crastino
234 2139 301 2207 lun,
329 2139 383 2196 Ov.
401 2137 489 2195 Trist.
507 2139 532 2209 1,
553 2141 598 2208 ll,
617 2141 656 2193 39
680 2137 733 2194 lux
756 2134 910 2205 brumalis,
936 2143 966 2196 et
988 2140 1066 2213 apud
1090 2139 1158 2197 Gel-

81 2242 153 2299 lium
178 2246 258 2313 19,9
284 2241 336 2298 lua·
357 2258 465 2298 urenae.
513 2238 608 2301 Quam
632 2241 668 2296 ad
691 2258 795 2298 vocem
818 2258 884 2297 cum
907 2238 998 2297 semel
1019 2243 1156 2315 parveni-

81 2363 154 2415 mus,
177 2344 255 2400 haud
273 2343 408 2402 omittem
426 2343 578 2421 antiquam
597 2342 717 2401 locativi
740 2342 863 2406 formam
888 2342 962 2400 luci
986 2343 1064 2400 Phil.
1081 2345 1155 2416 XII,

82 2451 121 2502 25
145 2446 297 2522 conspici:
328 2446 404 2505 alter
433 2463 472 2504 ex
500 2450 587 2505 cratt.
611 2445 707 2518 locus,
739 2446 791 2504 ubi
820 2446 892 2504 haec
922 2447 1017 2504 forma
1046 2453 1152 2521 exstat,

78 2548 154 2607 Tull.
174 2548 212 2606 47
236 2569 296 2608 non
320 2551 357 2606 ab
380 2549 460 2607 omni
483 2548 670 2608 dubitatione
692 2553 825 2607 remotus
848 2555 902 2609 est.

164 2652 383 2730 Antiquitatem
400 2652 494 2726 magis
511 2652 647 2711 redolent
662 2652 727 2710 Mil.
744 2656 801 2710 61:
824 2672 939 2710 omnem
962 2654 1067 2713 Italiae
1089 2676 1153 2732 pu-

79 2754 173 2809 bem:
197 2754 275 2832 quod
298 2755 516 2815 substantivum
538 2755 588 2813 hic
607 2755 685 2813 idem
702 2755 783 2814 valet
805 2775 838 2815 ac
858 2766 991 2815 nostrum
1015 2758 1153 2838 „muffen-

71 2852 179 2932 sdleige
200 2856 333 2931 lugend‘
344 2856 356 2893 ⁶
366 2856 404 2933 Ἰ).

165 2957 304 3038 Denique
332 2960 365 3018 in
387 2961 443 3019 bac
465 2960 558 3020 classe
588 2962 675 3020 liceat
697 2964 770 3020 haec
793 2980 996 3028 enumerares
1013 2964 1092 3022 Phil.
1112 2966 1152 3038 ΙΙ,

152 3162 195 3224 62)
213 3178 341 3223 perrarum
360 3179 415 3212 esse
432 3163 580 3212 vocabulum
598 3165 711 3212 Halmius
728 3167 759 3212 ad
778 3167 802 3214 h.
816 3167 833 3213 l.
850 3167 943 3215 indicat
960 3183 1040 3227 neque
1057 3171 1100 3217 alii
1118 3172 1154 3217 si-

77 3251 189 3298 terantur
212 3266 226 3298 a
251 3252 321 3298 Foro.
348 3253 396 3299 loci
420 3253 469 3300 nisi
493 3252 552 3298 unz.
579 3252 672 3311 Paneg.
699 3251 828 3300 Constant.
854 3255 877 3298 3.
912 3255 984 3302 Auct.
1010 3257 1062 3302 itin.
1081 3259 1152 3304 Alex.

78 3336 111 3382 M.
132 3341 171 3384 51.

148 3418 191 3487 66)
210 3424 247 3469 est
264 3413 307 3472 ἅπ.
328 3418 373 3486 εἰρ.
391 3427 418 3469 ut
434 3422 550 3481 videtur,
568 3422 824 3482 praeterquamquod
842 3423 873 3469 ab
891 3425 1066 3473 recentissimis
1084 3441 1153 3473 usur·

76 3513 150 3568 patur
167 3509 328 3569 scriptoribus
345 3515 371 3555 ut
388 3524 403 3556 a
421 3509 563 3564 chalcidis,
581 3509 721 3556 Ambrosiis
740 3510 771 3570 [a.
791 3509 836 3570 1⁴¹.].

146 3595 189 3662 64)
207 3597 255 3643 hoc
271 3595 426 3654 vccabulum,
445 3609 493 3655 quo
511 3596 680 3656 significantur
698 3597 856 3656 „frequentes
873 3602 943 3644 extra
960 3598 1048 3646 urbem
1066 3601 1152 3648 domus

76 3684 155 3730 instar
172 3683 222 3730 vici
240 3683 328 3730 urbani
345 3683 503 3730 aedificatae“
521 3683 617 3744 (Fere.)
635 3698 757 3742 nusquam
775 3685 835 3730 alibi
853 3684 960 3732 inveniri
977 3686 1083 3734 videtur.

147 3767 191 3832 66)
208 3770 266 3817 vide
284 3771 358 3816 etiem
375 3771 441 3816 infra
456 3771 521 3818 inter
537 3776 623 3831 tropos
641 3770 704 3818 Phil.
724 3771 744 3829 1,
763 3773 786 3818 5.

148 3855 192 3919 66)
210 3856 327 3903 Klotaius
342 3856 536 3903 inonomastlco
556 3870 600 3904 sue
621 3857 694 3903 affert
717 3871 748 3902 ex
766 3856 808 3903 Sil.
830 3857 873 3916 15,
893 3859 942 3904 52:
970 3860 1073 3905 Martem
1096 3875 1151 3907 oon-

77 3943 173 4001 irmperc
189 3948 212 3988 et
228 3941 354 4003 duplicare
371 3941 443 3988 acs'ea

148 4027 191 4092 bi)
210 4042 259 4087 qus
276 4029 454 4087 significatione
474 4043 505 4076 ex
522 4027 637 4076 omuibus
655 4033 727 4076 oratt.
745 4030 792 4075 hoc
809 4043 858 4075 uno
875 4029 1015 4089 praeditum
1033 4036 1070 4078 est
1088 4033 1150 4082 loco.

80 4112 117 4161 cf.
136 4113 203 4160 uest.
222 4128 247 4174 p.
259 4116 315 4170 266,
334 4114 414 4161 Pluut.
433 4115 520 4161 Pseud.
543 4117 597 4162 123.
