2602 4560
505 229 718 295 ..41-

59 405 156 467 ‚saepe
177 388 476 465 honorificentissimus
497 388 619 445 decretis
642 387 861 463 appellavisset
882 388 984 463 quipus
1005 386 1085 444 illam
1102 404 1149 443 or·

71 492 162 551 donem
192 490 229 550 ab
258 491 451 550 adulescentia
479 491 681 566 grauissimum
709 479 973 566 sanctissimumque
995 489 1149 548 diruisset.

70 595 141 655 ibid.
172 598 242 655 resti
264 613 426 671 semperque
448 595 573 653 uersati.
624 597 659 650 15
690 612 746 651 non
770 592 849 649 modo
873 609 890 648 a
915 601 941 648 te
958 591 1090 668 pert'culo
1114 591 1150 648 li-

69 699 209 768 beratus,
231 699 282 754 sed
298 699 382 754 ettam
404 696 510 754 donare
532 697 705 772 amplissimo
722 700 863 753 ornatus.
909 699 947 751 24
972 696 1014 751 At
1030 713 1062 750 eo
1082 701 1148 750 tem·

66 819 140 879 pore
167 804 229 876 ipso
255 801 403 877 pertineam
434 799 530 869 dedit,
559 801 715 856 exereitum
747 798 841 867 alsait,
869 799 913 866 ei,
947 813 1026 874 quem
1057 797 1148 853 Ast'ae

65 902 263 980 praefeceras,
288 905 317 960 in
339 903 421 960 neella
445 921 477 960 re
493 901 597 980 defait.
643 907 679 959 31
706 920 768 957 cram
786 898 916 958 tribanus
936 899 977 975 pl.
997 900 1039 957 M.
1056 900 1148 956 Scau-

69 1025 145 1076 rum,
168 1007 324 1083 principem
348 1008 485 1074 siccitatis,
512 1007 541 1062 iu
565 1006 698 1062 audacium
718 1004 823 1081 populi
836 1005 958 1062 liomani
977 1005 1149 1062 voravisset

70 1110 233 1185 Scaurique
260 1127 359 1165 servus
387 1109 426 1165 ad
447 1127 507 1164 eitra
530 1108 604 1164 clam
628 1106 736 1163 domam
760 1109 896 1166 uertisset
925 1114 953 1162 et
974 1106 1095 1162 crinu'ua
1118 1106 1147 1161 in

70 1212 211 1268 dommum
235 1212 393 1268 delaturam
416 1230 446 1268 se
467 1229 528 1267 asse
549 1211 694 1269 divisset.
736 1209 810 1268 ibid.
834 1209 885 1265 sed
907 1218 999 1266 tamen
1021 1208 1072 1266 ille
1093 1209 1148 1264 1'ni·

74 1315 146 1371 mim
167 1332 279 1371 seruum
301 1314 429 1382 remisit,
464 1321 493 1368 tu
522 1311 558 1368 ab
586 1331 639 1369 auo
668 1311 840 1381 abdunisti3
874 1311 924 1370 ille
952 1312 1148 1386 incorruptam

70 1417 172 1473 audire
193 1416 301 1486 nolint,
327 1425 357 1473 tu
379 1419 561 1492 corrupisti3
584 1415 635 1473 ille
656 1415 813 1472 adiutorem
836 1433 947 1472 sernum
971 1422 1072 1472 contra
1096 1413 1145 1468 do·

68 1520 172 1577 manum
196 1518 368 1594 repudiauit,
395 1526 425 1576 tn
446 1520 532 1575 eliam
555 1526 750 1575 accusatorem
774 1516 948 1578 adhibuisti.

158 1624 202 1680 Aa
233 1622 269 1679 de
292 1620 454 1696 Ligariana
484 1620 604 1700 quidem
636 1621 785 1680 neminem
817 1639 904 1696 sparo
935 1618 1147 1690 dubitaturum,

71 1725 146 1804 quin
163 1723 265 1783 Cicero
289 1723 366 1782 hano
388 1724 512 1798 figuram
535 1723 619 1783 tenui
637 1725 763 1803 quodam
787 1723 873 1781 modo
890 1721 1063 1782 excoluerit.
1100 1721 1146 1779 De

70 1847 112 1886 or.
137 1847 167 1903 p.
188 1825 330 1885 Deiotaro
353 1826 420 1884 hab.
445 1829 504 1885 tam
528 1832 641 1886 eertum
664 1826 723 1885 tale
744 1825 887 1885 iudicium
909 1828 988 1884 ferre
1010 1845 1070 1883 non
1093 1844 1146 1900 po-

69 1928 209 1990 terimus:
231 1948 409 2009 quamquam
431 1928 463 1986 iu
486 1930 542 1988 hac
558 1949 678 2009 quoque
693 1928 827 1989 oratione
849 1929 991 2008 pleraque
1009 1927 1147 2004 exempla

70 2051 131 2091 non
154 2033 310 2091 admodum
333 2050 419 2089 aures
441 2036 558 2090 nostras
580 2032 749 2103 verberant,
773 2051 867 2111 eaque
889 2031 991 2102 modo,
1014 2049 1090 2109 quaa
1113 2030 1145 2088 in

71 2134 108 2214 ἐς
127 2140 163 2194 10
187 2141 218 2195 et
242 2139 279 2193 31
305 2135 444 2211 (fortasse
467 2134 556 2192 etiam
580 2131 596 2212 5
617 2132 649 2211 3)
672 2133 905 2212 conspiciuntur,
928 2133 1145 2212 aliquantulum

72 2258 127 2296 nos
142 2239 305 2297 offendunt.
350 2238 409 2298 Sed
433 2237 506 2295 haee
527 2237 594 2313 ipsa
616 2237 741 2296 multum
759 2237 869 2295 distare
892 2237 928 2294 ab
951 2236 997 2308 iis,
1021 2253 1098 2314 quaa
1113 2253 1145 2292 re

72 2360 144 2400 vera
164 2340 311 2416 insignius
333 2340 446 2418 aliquid
469 2339 717 2419 artificiosiusque
739 2344 900 2415 appetunt,
922 2339 995 2397 haee
1018 2355 1057 2394 ex
1078 2336 1145 2394 aliia

70 2449 188 2519 sumpta
219 2443 404 2503 orationibus
435 2449 464 2501 te
494 2443 651 2501 docebunt.
707 2443 818 2506 Quanti
848 2442 926 2500 anim
955 2446 1001 2501 est
1026 2440 1145 2500 artificii

68 2546 153 2620 illud,
177 2547 256 2626 qnod
274 2545 353 2605 Phil.
371 2547 429 2617 ΙΙΙ,
448 2551 486 2602 36
510 2545 636 2622 legitur:
660 2548 738 2616 ‚His
759 2544 926 2604 aenatoribus
948 2554 977 2602 et
998 2546 1142 2615 dacibus,

68 2649 125 2706 dis
155 2651 349 2720 iuuantibus,
380 2649 473 2707 nobis
502 2650 708 2726 uigilantibus
737 2659 765 2707 ct
794 2651 910 2707 maritam
941 2651 970 2707 in
996 2658 1143 2726 posteram

67 2753 315 2828 prouidentibus,
342 2754 452 2830 populo
481 2753 606 2811 liomano
636 2755 849 2823 consentiente,
880 2754 987 2809 erimus
1013 2750 1144 2828 profecto

70 2852 159 2911 liberi
178 2851 260 2912 hreni
281 2862 431 2932 tempore‘
476 2856 595 2919 Quanto
624 2855 744 2915 fastidio
767 2875 800 2914 ao
822 2854 965 2930 languore
986 2874 1072 2914 aures
1094 2856 1144 2912 de-

68 2958 181 3018 bebant
202 2958 345 3032 adficere,
376 2979 452 3038 quaa
474 2959 506 3017 in
530 2960 631 3018 eadem
655 2956 788 3017 emtione
810 2956 883 3037 §30
908 2957 1061 3032 leguntur,
1092 2956 1144 3015 ubi

74 3054 149 3132 lbiffl,
176 3057 251 3135 15⁹⁸,
274 3061 405 3143 inquam,
429 3064 532 3122 eodem
555 3067 642 3137 pacto
665 3060 806 3121 desinunt
827 3063 933 3122 verba:
957 3095 1012 3131 ,—
1025 3059 1145 3138 fecerit

70 3194 111 3204 -
134 3162 309 3225 exhauserit
329 3200 371 3209 —
393 3166 600 3243 compilaverit
621 3197 663 3207 -
686 3166 877 3224 transtulerit
907 3206 940 3221 ..
962 3205 968 3220 .
990 3206 996 3221 .
1028 3181 1144 3221 reuoca-

70 3266 153 3323 uerit
174 3296 215 3306 -
237 3266 411 3328 liberaverit
433 3269 657 3328 -sustulerit
681 3301 720 3310 -
743 3267 904 3328 reduxerit
925 3301 966 3311 -
990 3271 1144 3326 curaverit
1246 3327 1248 3335 ,

68 3400 112 3459 -·
134 3368 300 3432 instituerit
328 3405 369 3415 -
398 3374 575 3448 imposuerit
598 3404 638 3416 -
662 3372 827 3430 eccluserit
849 3403 890 3412 -
913 3371 1073 3428 incluserit
1103 3379 1144 3411 -'-

67 3474 244 3533 cucurrerit
256 3506 297 3528 -.-
314 3475 530 3551 iugulaverit‘:
555 3473 623 3532 finis
645 3474 765 3534 tandem
787 3474 883 3533 faetus
904 3472 1066 3548 insignitur
1087 3472 1143 3531 hac

67 3576 227 3635 verborum
242 3577 452 3637 collocatione:
476 3597 550 3649 ,cnm
573 3578 702 3634 emercitu
725 3578 840 3635 doraum
863 3580 916 3634 sit
937 3578 976 3634 od
997 3577 1143 3633 interitum

66 3686 195 3736 nostrum
224 3689 253 3737 et
280 3681 319 3736 ad
340 3681 542 3757 dispersionem
571 3679 650 3738 ariis
682 3683 777 3738 venire
808 3685 1000 3755 conatas?‘
1047 3679 1143 3742 Quam

67 3780 146 3841 inest
168 3782 304 3861 quaesita
325 3784 510 3843 concinnitas
538 3783 570 3841 in
599 3783 660 3842 his:
690 3783 761 3859 imp.
779 3785 882 3859 Pomp.
905 3789 934 3841 l:
966 3784 1141 3859 Quamquam

69 3883 139 3940 milti
163 3904 275 3962 semper
297 3885 439 3965 frequens
467 3896 632 3963 conspectus
663 3896 754 3944 nester
777 3886 863 3943 mralto
887 3887 1143 3954 iactantissimus,

67 3986 113 4043 hic
135 3996 227 4044 autem
251 3988 331 4046 locrus
353 3990 392 4047 ad
413 3990 552 4066 agendum
576 3990 805 4065 amplissimus,
827 3989 866 4045 od
885 3988 1032 4047 dicendum
1055 4006 1142 4044 orna·

69 4090 221 4149 tissimus
249 4100 294 4148 est
323 4093 400 4150 orsus
574 4093 659 4151 Adde
687 4092 752 4151 Mil.
778 4097 834 4150 61:
867 4095 961 4150 omaio
993 4091 1143 4162 audienti,
