2602 4560
592 176 858 250 ...42..'

162 360 269 416 snugnn
291 344 454 410 metuenti,
477 342 565 398 multu
588 345 775 418 auspicanti,
797 344 936 401 nonnullo
959 343 1116 403 annunti!
1163 342 1244 400 Phil.

163 444 199 515 V,
222 446 274 503 17:
296 464 347 503 nec
370 447 482 504 multis
505 453 532 501 et
554 449 699 504 occultis.
746 450 784 503 50
808 445 919 503 Nihil
939 455 982 502 est
1004 445 1053 503 illi
1072 443 1245 521 republica

163 551 286 616 utrius,
309 546 411 604 nihil
429 556 524 604 uestro
546 549 719 605 ussotonitnte
738 551 888 623 gravius,
918 547 1016 605 uilil
1037 546 1178 604 bonorum
1203 549 1245 604 vi·

163 667 260 705 norum
283 649 389 706 s'usls'eio
412 652 566 725 optatius,
596 649 673 707 nihil
693 668 758 707 uero
779 650 879 724 gloria
902 649 1123 722 dutoius¹²⁶).
1172 650 1244 722 VII,

168 755 221 809 15:
244 753 272 808 in
289 769 344 827 qno
363 753 514 827 pecuniam
527 750 671 828 publicans
690 754 842 810 snnns'snnnt
859 753 1024 830 ds'sss'ysuuit,
1046 752 1164 810 exsules
1181 754 1245 810 sine

163 854 226 928 lege
242 855 383 922 restituit,
406 853 561 928 uectigalia
577 854 747 924 dioenditlit,
767 857 933 930 prouincias
950 857 985 912 de
998 855 1105 931 populi
1122 856 1247 913 Rotnani

163 957 281 1031 imperio
311 955 434 1014 sustulit
547 957 599 1032 qui
623 957 785 1025 Mutinam,
817 958 957 1014 colonium
985 957 1091 1033 populi
1118 959 1248 1028 Romani

159 1057 354 1133 firmissimum
379 1061 573 1133 oppugnarit,
603 1059 799 1133 inperatorem
819 1059 925 1135 populi
944 1060 1071 1129 Ilomnni,
1096 1060 1244 1117 consulem

163 1161 353 1236 designatum,
380 1158 534 1230 obsederit,
556 1161 742 1237 depopulatus
764 1178 855 1236 egros
872 1162 923 1219 sit.
969 1161 1021 1233 VI,
1042 1166 1094 1220 14:
1118 1163 1244 1232 ,nullum

164 1264 315 1338 inpensum
329 1259 491 1339 fecerant,
513 1264 635 1321 nondum
652 1264 875 1332 sustinuerant,
895 1264 1004 1338 purtim
1019 1266 1086 1340 quin
1101 1283 1159 1321 uon
1176 1283 1245 1322 eon·

155 1363 319 1440 fidebant,
339 1367 446 1441 purtim
469 1367 536 1440 quio
559 1383 615 1422 non
639 1364 826 1424 habebant!
872 1365 980 1425 Procul
995 1366 1086 1424 dubio
1108 1385 1183 1442 pree
1197 1385 1245 1426 oe·

164 1467 236 1525 teris
253 1485 287 1526 ea
302 1472 388 1526 erant
410 1468 557 1528 destinata
580 1467 725 1543 exempla,
750 1486 826 1547 quae
849 1485 943 1549 ausin⁵
958 1473 1107 1544 saperent,
1130 1468 1185 1527 ubi
1207 1469 1246 1527 ad

164 1569 419 1630 homoioteleuton
434 1570 548 1629 numeri
564 1569 775 1648 aequalitatem
789 1569 926 1630 videmus
941 1571 1088 1643 assedere,
1111 1575 1147 1629 ut
1162 1571 1243 1629 Phil.

164 1671 249 1745 XIV,
273 1676 326 1731 12:

251 1775 423 1833 clarissimis
444 1773 563 1834 ducibus
584 1778 821 1853 supplicationem
843 1777 981 1834 tonorum
1003 1771 1208 1846 tribilemlis,

646 1881 862 1956 sinperutorinm
884 1898 983 1937 nomen
1006 1874 1210 1941 idimeiie.

250 1981 292 2038 ib.
309 1986 346 2038 21
372 1983 433 2039 Hos
445 1985 475 2041 in
486 1985 639 2041 senitentsus
654 2000 731 2040 inens
748 1985 776 2040 si
790 1984 921 2041 consides
932 1983 1129 2040 discessionem
1136 1981 1247 2060 ‘faeere

1004 2082 1206 2156 voluissent,

251 2187 380 2246 nunnitus
402 2191 466 2248 isus
488 2187 649 2247 latronibus
678 2192 853 2247 auctoritate
880 2191 942 2266 uisu
963 2196 1080 2247 senatus
1101 2189 1159 2244 inm
1180 2189 1246 2263 pni-

613 2294 673 2351 dem
696 2293 730 2350 de
751 2291 882 2351 monibus
903 2309 985 2349 armo
1007 2285 1222 2350 oioidissent.

253 2392 270 2472 ξ
289 2399 327 2450 35
352 2397 381 2452 in
404 2415 460 2472 quo
482 2399 541 2453 nisi
563 2405 641 2453 tnntu
664 2397 784 2454 ms'lituns
808 2397 898 2453 unitus
1005 2388 1208 2462 exstitisssst,

249 2498 410 2571 partisidia
427 2499 459 2555 M
464 2546 469 2553 .
486 2501 610 2556 Antonii
629 2516 728 2555 nomen
749 2497 854 2573 populi
869 2498 991 2554 Ilonsoni
1009 2490 1194 2555 occidisset

251 2600 325 2658 adde
348 2599 364 2678 5
382 2607 422 2659 33
446 2603 475 2658 V
474 2620 513 2666 us
528 2599 565 2658 al
582 2598 652 2658 urie
664 2600 813 2678 ⁸furentem
830 2600 989 2657 Antonium
1011 2595 1184 2658 evertistis

443 2724 504 2762 uos
527 2705 623 2761 redire
645 2703 803 2760 molientem
1009 2697 1222 2772 rappislistis.

166 2805 306 2886 Denique
334 2807 406 2867 telis
432 2807 650 2866 animadvertas
673 2825 782 2885 quaeso
807 2805 959 2882 exempla,
992 2804 1092 2884 qualia
1121 2809 1244 2865 exstant

167 2910 245 2968 Phil.
263 2910 298 2984 V,
316 2917 372 2971 39:
394 2913 545 2969 martinum
569 2918 802 2969 ornamentum
827 2908 1023 2986 respublicae,
1051 2908 1242 2967 clarissimum

168 3022 411 3071 monumentum
435 3015 599 3072 elementiae
619 3030 695 3073 suae
717 3019 747 3073 et
768 3012 842 3085 XII,
859 3018 893 3070 3:
920 3013 995 3088 quod
1016 3009 1142 3068 osilebnns
1165 3014 1243 3089 equi·

166 3119 255 3184 dem,
276 3117 327 3172 sed
348 3118 435 3191 qssusi
450 3135 504 3193 por
525 3116 711 3192 ostiginem
732 3116 783 3175 ubi
805 3115 895 3192 plane
914 3112 1071 3199 manifesta
1093 3114 1133 3172 sit
1153 3114 1243 3174 huius

168 3217 280 3293 figurae
303 3218 431 3295 oaptatio
454 3224 544 3299 atque
566 3218 735 3278 ostentatio.

253 3322 337 3381 Haeo
367 3321 391 3381 si
421 3320 650 3399 perlustraveris
679 3320 819 3392 artificia,
848 3319 935 3379 faoile
964 3319 1019 3380 tibi
1050 3319 1243 3396 persuadebis

168 3444 233 3482 oum
256 3425 304 3484 his
327 3430 496 3501 comparata
524 3424 612 3484 etium
637 3443 713 3502 quae
734 3423 900 3499 insigniora
926 3423 1119 3482 inveniantur
1140 3423 1173 3481 in
1196 3442 1242 3482 or:
1276 3449 1280 3455 ’

168 3546 196 3602 p.
213 3526 279 3585 Dei.
296 3528 365 3586 hab.
389 3547 449 3587 non
472 3535 533 3587 tam
554 3527 650 3587 videri
672 3531 790 3603 captata
811 3546 899 3606 quam
921 3531 1027 3601 sponte
1049 3525 1158 3586 oblata.

254 3636 284 3691 4.
318 3633 536 3700 Incrementi,
559 3633 740 3702 congeriei,
764 3626 1009 3712 συναθροισμοῦ
1031 3629 1141 3704 figuras
1163 3627 1245 3686 simi·

167 3731 245 3793 liave
267 3732 369 3792 Oioero
391 3732 411 3791 l.
430 3753 452 3791 s.
469 3732 488 3790 l.
514 3732 754 3809 eomprehendit,
785 3753 851 3792 oum
880 3732 960 3791 dieat
990 3751 1055 3801 ,nee
1085 3732 1243 3788 aemonia

169 3837 259 3894 multu
272 3835 466 3914 frequentans
489 3855 547 3894 unu
569 3837 765 3912 eomplenz'one
793 3837 956 3895 devinciet‘
1001 3834 1081 3909 Ergo
1103 3839 1135 3893 et
1155 3834 1244 3894 nobis

240 4059 299 4123 12⁶)
316 4059 416 4119 Insigne
433 4059 461 4106 flt
477 4059 525 4106 boo
542 4057 680 4117 exemplam
698 4057 812 4105 sffiunets
828 4055 993 4116 epanaphora.
