2602 4560
526 223 719 289 ...7-

87 385 194 462 agendi
209 386 285 444 ratio
299 384 349 461 13)
365 388 542 460 opponatur,
565 381 650 459 quasi
673 399 793 439 necesse
808 383 855 439 est
869 383 968 438 orator
989 379 1046 437 hoc
1060 377 1160 437 verbis

86 488 174 548 etiam
194 485 391 546 familiaritati
412 485 490 562 aptis
512 483 668 561 exprimat.
713 484 849 542 Getarum
877 480 951 539 illud
980 470 1017 538 ‘sa'
1038 497 1159 556 unquam

83 589 215 667 posthuc'
228 591 277 667 ιι)
307 589 393 650 valde
422 587 564 648 addubito
594 607 664 645 num
689 587 754 644 iure
775 585 890 645 dicatur
911 581 1159 660 breviloquentia,

84 693 175 751 immo
206 711 277 753 vero
308 695 459 770 tamquam
488 689 655 749 cantilenae
684 688 835 748 cuiusdam
858 686 954 762 prima
974 686 1067 746 verba
1088 686 1159 744 affe-

86 800 202 855 runtur.

173 897 269 957 Aliter
291 897 417 956 forsitan
439 896 471 954 in
493 915 535 955 or.
557 915 586 971 p.
611 893 797 953 Deiotaro
820 894 903 960 hab,
925 912 973 952 res
995 912 1026 952 ee
1049 893 1158 952 habere

83 1001 229 1072 videatur,
250 1021 316 1059 cum
336 1020 375 1059 ex
389 1001 445 1058 hac
465 1001 538 1058 haec
553 998 613 1060 sint
635 997 819 1056 adnotanda:
842 995 858 1074 ἓ
878 1001 915 1054 19
939 997 1101 1057 comiter
1123 1002 1159 1057 et

83 1103 248 1162 iucunde
263 1102 423 1162 fuisses:
446 1103 483 1163 cf.
500 1083 636 1175 Rebling,
661 1100 814 1172 „Versuch
829 1099 912 1158 einer
927 1099 1158 1159 characteristik

85 1207 138 1264 der
151 1211 223 1265 rim.
240 1205 544 1281 Umgangssprache“,
568 1203 638 1262 Kiel
656 1203 745 1276 1873,
769 1223 797 1279 p.
812 1203 839 1263 7.
858 1235 900 1246 -
924 1203 1017 1263 Valde
1032 1203 1157 1276 mireris,

84 1310 163 1386 quod
186 1306 258 1386 §21
292 1307 337 1365 Di
367 1312 405 1368 te
431 1306 632 1383 perduint,
662 1306 790 1382 fugitive
820 1311 851 1366 et
881 1303 956 1382 §26
987 1305 1158 1364 furcifer

82 1411 224 1487 scriptum
245 1411 373 1482 videtur,
396 1429 470 1489 quas
491 1411 564 1470 duas
585 1410 751 1469 locutiones
773 1409 827 1470 vix
849 1428 969 1469 necesse
991 1413 1036 1468 est
1057 1407 1156 1466 admo-

82 1532 154 1572 nere
176 1519 309 1590 sumptas
331 1514 446 1572 esseda
463 1513 640 1574 comicorum
657 1531 800 1572 sermone.
824 1544 867 1555 -
889 1511 905 1589 g
924 1517 962 1568 33
986 1530 1083 1571 serm
1091 1530 1156 1568 un-

83 1615 180 1674 culi:
210 1617 288 1694 quod
312 1615 531 1677 substantivum
560 1616 603 1676 sic
623 1616 656 1674 in
679 1616 784 1674 malam
806 1596 920 1691 partem
944 1614 1088 1690 accipitur
1109 1631 1156 1689 ep.

83 1717 119 1774 ad
142 1721 205 1778 Att.
220 1719 311 1790 XIII,
330 1722 378 1777 10.
401 1718 478 1777 Plin.
496 1738 542 1795 ep.
560 1719 593 1792 V,
612 1725 639 1792 8,
656 1724 684 1776 4.

168 1820 241 1878 (lum
256 1820 303 1880 his
319 1823 429 1894 confer,
453 1821 582 1900 quaein
604 1822 711 1883 ceteris
733 1820 925 1892 orationibus,
948 1839 1021 1898 quas
1037 1819 1156 1898 quidem

81 1925 118 1981 ad
140 1925 390 1999 comparationem
413 1925 555 1984 adhibere
576 1924 733 1998 voluimus,
756 1923 893 1999 inprimis
914 1923 946 1980 in
969 1921 1155 1997 Philippicis,

81 2033 200 2086 exstant
223 2028 366 2087 adnotatu
390 2027 543 2103 digna15)
566 2046 600 2086 ac

323 2213 346 2262 1.
381 2213 452 2268 Quae
469 2212 604 2276 volumem
620 2212 739 2263 redolent
756 2224 906 2261 sermonem.
948 2215 951 2219 '

168 2332 231 2390 Mil.
249 2338 288 2391 60
311 2334 415 2393 Heus
436 2338 477 2393 tu
499 2333 616 2393 Rufio
638 2369 680 2377 -
704 2353 794 2395 cave
816 2335 869 2393 sis
892 2333 1154 2410 mentiareffi).

151 2554 193 2622 13)
211 2556 259 2603 ib:
278 2555 314 2602 cd
325 2563 491 2616 parentem
508 2557 543 2603 sic
560 2556 603 2616 api
619 2556 683 2604 solet.

149 2639 192 2707 14)
211 2642 280 2701 Quae
298 2642 388 2690 locutio
407 2642 507 2691 brevior
524 2630 598 2690 etiam
615 2647 654 2691 est
670 2657 744 2702 quarn
762 2643 804 2702 qui
822 2657 852 2690 ex
870 2642 970 2690 comicis
982 2646 1154 2701 comparentur

78 2728 140 2774 loci:
169 2727 227 2774 Ter.
244 2728 343 2775 Phorm.
362 2729 388 2788 1,
406 2733 439 2788 2,
458 2733 507 2777 91:
532 2745 595 2778 nano
612 2729 694 2777 amitte
711 2730 789 2777 banc:
814 2736 915 2778 ceteram
926 2729 1033 2790 posthoc
1051 2731 1074 2775 si
1089 2731 1153 2789 quic-

79 2827 168 2870 qaam,
194 2812 256 2858 nibil
267 2828 364 2874 precor.
399 2814 431 2861 id.
451 2815 516 2862 Eun.
534 2815 571 2874 V,
590 2819 621 2875 2,
642 2819 688 2865 13:
715 2831 789 2863 uuam
812 2816 875 2863 bano
892 2816 990 2864 aarum
1008 2817 1105 2862 amate:
1132 2817 1155 2864 si

76 2897 153 2945 alwm
170 2898 290 2946 admisero
307 2915 419 2959 nusquam,
438 2900 547 2949 omaus.

147 2985 190 3050 15)
209 2985 279 3045 Quae
291 2987 397 3047 primum
410 2988 526 3037 consumi
534 3004 586 3038 uon
599 2989 772 3051 grammaticas
790 2993 888 3037 secutus
904 2989 1014 3037 rationes
1032 2989 1151 3049 digerere,

79 3072 122 3118 ssd
148 3072 260 3132 singulas
284 3073 401 3134 deinceps
425 3088 573 3134 percurrens
600 3077 770 3136 paragraphus
799 3075 931 3124 adnotare:
961 3075 1026 3135 quod
1054 3074 1152 3133 quidem

77 3156 157 3216 magia
175 3173 188 3205 e
206 3173 233 3206 re
251 3159 383 3208 videbatur
401 3176 472 3221 esse,
491 3176 546 3208 cum
564 3177 614 3210 non
632 3163 815 3222 grammaticae,
834 3163 877 3210 sed
895 3162 1032 3209 rhetoricae
1050 3174 1151 3220 operam

79 3240 163 3289 darem
180 3244 252 3302 idque
275 3246 388 3306 inprimis
414 3252 479 3295 esset
496 3249 657 3308 studendum,
683 3255 710 3296 ut
727 3249 851 3308 quomodo
868 3248 964 3297 animos
982 3250 1080 3295 nostros
1098 3245 1152 3291 affl*

77 3333 145 3374 caret
171 3330 315 3378 elocutionis
340 3346 417 3392 genus
442 3339 568 3394 tamquam
586 3335 664 3384 oculis
682 3349 783 3384 cernere
800 3349 937 3395 possemus.
973 3333 1038 3380 Dein
1056 3329 1151 3377 mutavi

78 3415 209 3463 consilium
235 3431 335 3464 suasore
358 3418 471 3479 inprimis
496 3420 665 3481 Kiesslingio,
693 3435 749 3468 cum
773 3421 951 3468 intellexissem
969 3420 1058 3466 multas
1076 3433 1151 3479 saepe

76 3502 250 3549 adnotationes
267 3502 327 3549 mihi
345 3504 397 3552 fore
415 3506 569 3566 repetendas.
605 3506 673 3564 Ergo
685 3520 749 3566 quae
767 3507 907 3553 invenimus
925 3510 1063 3554 memoratu
1075 3505 1151 3564 digua

75 3588 101 3634 in
120 3589 239 3648 quasdam
264 3589 394 3637 maluimus
418 3590 565 3639 distribuere
590 3593 697 3650 classes,
722 3593 749 3659 in
774 3592 863 3651 quibus
886 3592 1063 3640 constituendis
1089 3605 1150 3649 quas

75 3688 152 3734 supra
169 3676 223 3735 μδ
246 3675 394 3734 protulimus
411 3677 520 3725 rationes
537 3692 583 3725 nos
601 3679 733 3726 duxerunt.
767 3680 837 3727 Intra
858 3680 926 3739 ipsos
949 3692 1009 3726 vero
1033 3677 1148 3724 classium

75 3760 136 3806 fines
154 3761 308 3820 singularum
327 3761 466 3810 orationum
484 3764 595 3824 singulas
613 3765 730 3825 deinceps
747 3766 953 3825 perlustravimus
979 3761 1148 3823 paragraphos

76 3845 187 3892 adhibita
204 3847 277 3894 modo
296 3860 371 3906 quam
387 3862 433 3908 par
451 3853 489 3896 est
505 3849 611 3898 licentia.
640 3896 656 3930 θ

145 3930 187 3995 16)
205 3933 245 3980 De
263 3933 311 3981 sis
329 3935 419 3981 vocula
436 3949 481 3996 pro
500 3936 521 3982 si
538 3937 578 3984 vis
595 3937 653 3985 vide
671 3938 762 3988 Hellm.
782 3939 798 4000 ξ
817 3941 858 3987 to.
894 3940 984 3985 Heus
1001 3935 1145 3991 interiectio,

76 4029 138 4075 quae
155 4018 181 4065 in
200 4018 326 4068 Ciceronis
345 4024 417 4067 oratt.
434 4022 481 4069 hoc
498 4026 594 4071 tantum
610 4024 665 4070 loco
683 4024 841 4083 conspicitur,
861 4028 969 4072 sermoni
988 4023 1086 4081 volgari
1105 4024 1145 4068 de·

74 4101 128 4149 beri
148 4103 259 4154 videtur:
287 4106 320 4169 cf.
339 4108 407 4156 locos
425 4107 456 4156 ab
474 4108 572 4157 Handio
592 4108 663 4169 Tura.
681 4109 731 4169 111,
749 4123 775 4169 p.
789 4113 835 4169 72,
856 4115 869 4160 t
896 4112 983 4158 allatos
1001 4116 1026 4157 et
1043 4107 1145 4167 Quintil.
