2602 4560
522 1011 779 1087 Vita

101 1445 103 1448 Ι
197 1354 293 1412 Natus
321 1374 385 1413 sum
408 1354 531 1414 Carolus
553 1355 717 1415 Guttmsnn
740 1356 938 1416 Vrstislaviae
960 1355 1131 1416 Silesiorum
1156 1358 1186 1416 in
1245 1348 1248 1353 ’

110 1457 210 1536 capite
231 1477 258 1516 a.
274 1457 303 1516 d.
319 1456 406 1516 VIIL
422 1458 488 1516 Kal.
504 1459 600 1516 Maias
620 1478 648 1517 a.
662 1479 692 1535 p.
708 1460 778 1517 (ihr.
793 1479 822 1516 n.
840 1463 919 1516 1860
942 1464 1026 1534 patre
1044 1460 1187 1519 Mauricio

110 1559 260 1636 adolpho,
282 1565 376 1619 matrs
391 1560 565 1619 Constantia
586 1568 707 1636 egente
723 1561 948 1636 Helwigiorum.
992 1562 1095 1619 Fidem
1119 1582 1188 1638 prc-

109 1665 199 1723 fiteor
220 1663 431 1738 evangelicam.
476 1663 599 1722 Litteris
621 1663 754 1722 imbutus
776 1683 841 1721 sum
863 1663 896 1721 iu
917 1664 1073 1741 gymnasio
1092 1665 1188 1724 Eliso·

108 1769 236 1838 betano,
265 1767 344 1845 quod
367 1772 429 1824 tum
453 1765 581 1840 florebat
603 1766 744 1842 auspiciis
766 1767 839 1824 Kar.
862 1767 939 1824 Rud.
962 1766 1111 1840 Fickerti,
1135 1769 1187 1846 qui

108 1871 157 1930 vir
172 1868 427 1945 praeclarissimus
439 1887 513 1940 eom,
536 1888 595 1948 qua
610 1867 668 1927 iam
684 1873 798 1945 patrem
814 1887 911 1926 meum
927 1869 1074 1941 affecerat,
1097 1871 1187 1929 bene·

107 1971 272 2032 volentiam
295 1970 327 2030 iu
343 1990 391 2029 me
406 1990 527 2051 quoque
549 1971 711 2032 transtulit
758 1976 783 2029 A
799 1991 859 2051 quo
874 1976 1016 2031 autumno
1032 1991 1056 2030 a
1073 1993 1102 2049 p.
1119 1973 1187 2034 chr.

109 2095 139 2134 n.
155 2075 237 2132 1878
254 2075 374 2135 discessi
397 2073 576 2133 maturitatis
599 2076 678 2154 quod
695 2074 799 2134 dicunt
821 2074 993 2133 testimonio
1015 2075 1187 2149 instructus,

111 2182 147 2235 ut
166 2177 198 2235 in
214 2178 409 2237 universitate
425 2173 572 2236 litteraria
587 2177 731 2235 Viadrina
745 2176 852 2236 studiis
867 2195 914 2234 me
930 2177 1066 2235 dederam
1090 2179 1187 2254 philo·

111 2279 225 2355 logicis.
270 2282 305 2338 In
329 2299 405 2359 quse
433 2299 499 2338 cum
528 2299 582 2355 per
611 2281 645 2337 II
668 2279 822 2338 semestris
844 2279 968 2338 ducibus
990 2279 1127 2356 inprimis
1151 2286 1187 2341 Α.

111 2383 304 2456 Rossbachio,
328 2388 363 2441 A.
382 2382 638 2455 Reifferscheidio,
662 2383 703 2441 M.
727 2381 854 2442 Hertzio
877 2381 1088 2456 incubuissem‚
1111 2382 1187 2462 Gry-

109 2487 213 2565 phiam
235 2505 283 2545 me
305 2485 433 2559 contuli,
458 2486 509 2544 ubi
533 2505 587 2562 per
609 2505 662 2544 sex
686 2485 840 2544 semestris
861 2484 977 2544 scholss
998 2485 1187 2565 frequentavi

109 2592 161 2650 Fr.
177 2589 345 2662 Susemihli,
368 2590 423 2648 Ad.
448 2587 620 2665 Kiessliugi‚
643 2589 679 2648 U.
703 2590 738 2647 dc
761 2587 982 2661 Wilamowitzi,
1006 2590 1039 2648 Β.
1056 2589 1187 2664 Hirschi,

110 2692 252 2769 Schuppi,
276 2691 376 2767 Vogti,
398 2692 551 2764 Preuneri,
575 2712 646 2751 sem.
661 2691 734 2768 phil.
753 2690 814 2749 sod.
830 2691 979 2749 extraord.
1001 2710 1056 2767 per
1077 2691 1121 2749 IV
1143 2693 1188 2752 fui

112 2795 281 2867 semestris,
305 2794 472 2853 ordinarius
494 2794 558 2852 fere
581 2812 634 2869 per
656 2794 713 2852 duo
737 2812 874 2853 necnon
896 2792 1020 2852 interfui
1042 2795 1187 2854 exercito-

110 2900 244 2959 ticnibus
274 2897 473 2957 aristotelicis
502 2895 677 2969 Susemihli,
708 2896 851 2955 Prcuucri
880 2894 1122 2972 archaeologicis,
1152 2898 1187 2956 B.

109 3001 233 3060 Hirsohi
255 3000 414 3061 historicis.

198 3107 256 3166 His
270 3107 344 3166 viris
359 3106 497 3166 omuibus
515 3105 653 3182 inprimis
668 3111 767 3165 autem
783 3103 1039 3177 SUSEMIHLIO,
1062 3104 1187 3163 WILA-

109 3210 318 3270 MOWITZIO
342 3211 530 3288 maximeque
553 3210 617 3268 AD.
640 3208 907 3280 KIESSLINGIO,
931 3208 981 3286 qui
1006 3227 1053 3266 me
1076 3207 1107 3264 in
1132 3209 1188 3265 hac

110 3313 307 3374 universitate
321 3313 444 3390 recepit,
466 3312 549 3386 aluit,
573 3312 666 3384 auxit,
689 3312 799 3387 gratias
820 3329 876 3385 ago
895 3327 982 3386 quam
1006 3329 1124 3403 possum
1148 3328 1187 3367 ex

110 3416 211 3475 animo
234 3417 386 3477 maximas.
