2602 4560
579 226 791 293 „75-

146 385 264 440 quantum
290 381 359 441 potui
383 381 528 441 diligenter,
554 381 752 441 investigassent.
788 383 851 429 llam
869 383 914 429 has
933 386 1004 429 oratt.
1024 383 1137 443 optimae
1155 383 1229 430 classi

147 483 201 516 esse
220 467 379 515 ascribendas
403 468 463 514 milri
482 467 581 527 quidem
605 469 679 527 plane
697 468 808 528 persuasi
826 469 902 515 frctus
921 468 1037 516 nimirum
1056 468 1086 514 iis
1105 469 1225 529 numeris,

147 568 210 613 quos
229 554 338 600 solosin
356 555 448 600 haere
466 554 588 614 respicere
606 554 719 612 equidem
738 568 783 614 par
801 569 897 601 censeo.
933 555 989 602 Huc
1013 555 1142 614 pertinere
1168 559 1227 614 puto

150 639 349 701 quadrisyllabas
367 641 489 687 clausulas
501 643 570 696 44‚l
590 640 615 686 in
634 640 745 687 centenis
762 640 878 698 inveniri,
896 641 1058 687 ascendentes
1075 632 1228 687 descenden-

147 725 214 772 tibus
233 725 344 784 superari
363 727 388 772 in
407 727 485 773 classe
504 741 593 773 vocum
612 726 790 786 disyllaborum
807 741 909 773 numero
928 729 951 785 2,
971 729 986 774 2
1004 727 1020 772 i.
1032 732 1098 776 cent.
1118 729 1229 787 (exstant

146 812 210 858 desc.
231 813 254 869 7,
274 814 298 870 8,
317 826 366 859 aso.
384 813 408 870 5,
428 814 469 873 6),
498 812 523 858 in
547 812 626 858 classe
654 811 895 871 quadrisyllabarum
912 826 1002 858 vocum
1026 826 1133 858 numero
1152 813 1228 871 33,b

146 895 225 960 (desc.
246 899 288 956 38,
308 898 332 957 8,
351 913 400 945 ase.
419 900 442 956 5,
463 895 503 961 3),
531 898 635 956 denique
653 898 808 944 ditrochaeos
830 898 938 944 inveniri
963 898 1003 956 20,
1024 901 1036 945 1
1056 898 1073 946 i.
1090 912 1130 957 e.,
1157 898 1229 944 buius

148 983 241 1030 formae
260 984 383 1031 clausulas
402 999 452 1026 -υ
467 983 470 1048 Ι
485 998 597 1027 υυ-υ
616 985 639 1041 l,
655 985 676 1029 l.
714 984 766 1030 Nec
783 997 844 1030 vero
863 983 922 1029 mihi
941 988 1025 1043 utpote
1043 983 1077 1029 nil
1096 982 1146 1030 nisi
1163 984 1229 1031 veri·

147 1073 222 1115 tatem
240 1071 398 1129 persequenti
416 1071 473 1116 licet
491 1070 603 1116 omittere
618 1084 654 1127 ea,
674 1084 737 1128 qnae
754 1069 796 1116 alii
814 1070 918 1116 fortasse
936 1084 1005 1116 meae
1023 1075 1155 1129 opponant
1172 1085 1227 1116 san·

146 1155 253 1202 tentiae:
281 1162 308 1201 ut
325 1170 445 1203 summam
463 1155 641 1218 disyllabarnm
659 1155 823 1202 clausularum
841 1156 959 1202 maiorem
977 1169 1031 1202 esse
1049 1170 1126 1214 quam
1144 1156 1231 1203 deceat

147 1240 266 1300 optimam
284 1242 426 1301 periodum:
456 1243 500 1290 sed
518 1241 576 1288 huic
593 1257 696 1289 numero
714 1257 763 1288 non
782 1241 885 1288 nimium
903 1241 1061 1288 tribuendum
1078 1255 1136 1289 esse
1154 1255 1228 1289 uerno

146 1341 195 1372 non
221 1327 297 1374 videt.
333 1327 412 1375 Multo
438 1329 517 1387 magis
541 1329 653 1386 mireris,
681 1328 746 1386 quod
770 1327 866 1374 dnobus
888 1328 949 1374 locis
972 1328 1071 1387 plenam
1096 1326 1228 1387 periodum

145 1411 236 1457 claudit
253 1412 374 1460 diiambus
392 1415 559 1461 conformatus
577 1429 608 1461 ex
625 1429 687 1461 voce
705 1413 819 1473 iambica,
837 1428 900 1472 qnae
913 1414 1004 1473 excipit
1016 1427 1104 1460 vocem
1123 1413 1149 1458 in
1168 1427 1229 1473 ,ere-

144 1497 219 1543 tioum
236 1498 396 1556 desinentem,
415 1515 448 1547 so.
468 1500 532 1546 dom.
551 1503 591 1556 34,
610 1500 716 1559 ‚coaepio
734 1501 800 1546 eolet‘
819 1497 848 1562 (.)
866 1506 892 1546 et
910 1501 941 1548 52
961 1499 1085 1558 ‚reperim
1104 1498 1173 1546 dedu
1191 1495 1226 1563 (.),

146 1596 249 1641 quorum
268 1583 307 1630 hic
325 1585 406 1631 nescio
424 1600 455 1631 an
474 1600 503 1632 eo
521 1592 660 1642 excusatur,
679 1586 744 1644 quod
758 1584 845 1632 Cicero
863 1584 904 1632 hio
916 1585 1030 1632 Clodium
1048 1583 1109 1632 iacit
1125 1584 1229 1644 loquen-

145 1673 203 1725 tem,
221 1669 290 1717 illum
308 1671 507 1718 emendatoribus
524 1672 695 1719 commendare
714 1671 796 1718 nullus
814 1671 907 1718 dubito.

216 1755 255 1800 Ad
273 1769 327 1815 cap.
341 1757 363 1802 V
380 1750 404 1816 p}
419 1759 450 1805 59
470 1760 525 1805 adn.
538 1760 601 1806 144:
629 1760 745 1808 Ceterum
770 1759 795 1804 in
818 1757 896 1817 ipsius
920 1757 1058 1804 Eberhardi
1082 1756 1126 1820 (an
1153 1757 1229 1806 llich-

146 1840 192 1887 teri
198 1838 220 1901 l)
237 1843 315 1900 praes.
334 1858 358 1903 p.
373 1846 404 1892 10
423 1845 483 1891 haec
495 1849 606 1892 exstant:
625 1845 684 1905 ,aad
700 1845 762 1891 anob
781 1843 834 1889 bier
851 1843 944 1890 deweiat
957 1841 1039 1890 Cimo
1057 1842 1168 1891 meissen
1179 1844 1231 1892 ared

152 1924 356 1974 Vaterlundsle'ebe
373 1934 448 1988 c.q.s.‘

216 2015 254 2060 Ad
272 2029 328 2074 pag.
343 2018 376 2063 60
394 2031 418 2063 v.
438 2030 452 2062 a
470 2030 535 2076 supr.
556 2019 595 2064 la.
633 2016 712 2075 Quam
740 2015 886 2062 sententiam
913 2029 969 2072 eos,
998 2029 1060 2074 qnos
1088 2016 1229 2075 nominavi,

147 2114 189 2147 vv.
204 2099 244 2145 dd.
258 2100 394 2148 verisimile
408 2106 445 2150 est
457 2103 602 2149 Drumanno
615 2100 684 2164 (hist.
697 2103 769 2150 Rom.
783 2103 819 2148 VI
831 2117 856 2162 p.
866 2102 915 2149 266
928 2101 985 2148 adn.
995 2100 1039 2163 52)
1051 2100 1153 2152 debere.
1192 2103 1230 2151 Si·

147 2185 239 2233 militer
251 2187 391 2236 Passowius
409 2188 507 2253 (‚verm.
520 2189 638 2236 Sentiat!
657 2204 681 2249 p.
697 2190 744 2236 271
759 2185 806 2252 sq.)
824 2187 984 2245 indicaverat,
1003 2187 1045 2246 qui
1058 2192 1144 2236 tamen
1160 2189 1230 2238 idem

147 2271 195 2334 vix,
208 2272 318 2331 potuisse
336 2274 390 2320 fieri
408 2273 538 2332 censebat,
564 2273 624 2333 quin
642 2272 696 2334 ipse
714 2272 801 2320 Cicero
819 2273 883 2319 hano
902 2271 1038 2319 orationem
1054 2271 1080 2319 iu
1099 2272 1230 2332 publicum

148 2357 247 2416 prodire
265 2359 368 2407 iuberet.

217 2443 277 2504 Peg.
290 2447 323 2494 65
341 2461 365 2492 v.
378 2461 400 2494 a.
413 2461 480 2505 supr.
495 2448 541 2493 12:
560 2446 681 2492 Nimirum
700 2445 730 2492 de
743 2444 892 2504 Ligarianae
910 2457 1007 2503 quoque
1025 2444 1135 2494 editione
1152 2450 1231 2495 testes

149 2528 220 2575 nobis
232 2537 289 2578 sunt
300 2532 440 2591 complures
449 2531 531 2590 epistt.
544 2531 656 2578 ciceron.
669 2531 726 2589 loci,
740 2537 766 2578 ut
778 2531 848 2589 XIII,
860 2534 900 2590 19,
910 2533 941 2593 23
955 2532 995 2589 12,
1006 2533 1037 2592 23
1051 2533 1092 2586 20.
1103 2533 1119 2576 2
1130 2546 1137 2591 ;
1149 2534 1194 2592 44,
1204 2533 1229 2592 1,

149 2635 179 2667 ex
197 2619 286 2677 quibus
303 2618 424 2677 primum,
451 2617 542 2678 quippe
568 2618 609 2677 qui
635 2617 740 2664 forsitan
760 2619 792 2665 ad
810 2631 930 2664 summam
950 2616 1025 2663 tonus
1044 2615 1230 2668 dissertationis

149 2712 247 2754 nostrae
266 2704 395 2764 pertineat,
413 2704 453 2751 hic
465 2703 619 2751 exscribam:
637 2705 806 2764 ,ldparienum
822 2709 849 2749 et
863 2703 932 2750 video
945 2702 1075 2763 praeclare
1092 2705 1232 2754 nemerim

148 2799 190 2840 tua
207 2793 384 2840 commodam.
421 2793 524 2852 Scripsit
546 2793 608 2838 enim
632 2793 667 2839 ad
690 2808 726 2838 me
743 2790 869 2838 Balbus
894 2798 916 2838 ct
934 2790 1052 2851 Oppius
1076 2792 1180 2853 mirfiee
1206 2810 1232 2842 se

143 2879 251 2939 probare
269 2879 297 2926 ob
314 2893 411 2938 eumque
429 2893 529 2925 scuram
547 2878 582 2924 ad
599 2875 727 2924 Gaesarem
744 2891 797 2923 eum
815 2890 840 2923 ae
857 2877 1016 2924 ortiurtcclam
1033 2875 1146 2925 misisses
