2602 4560
551 218 764 285 -35-

116 371 193 430 VIII
220 373 359 448 exempla
383 374 486 450 8¹¹²)
508 375 690 450 insigniora,
720 377 752 433 in
777 375 941 435 Miloniana
964 376 1088 456 82113)
1120 378 1193 437 adeo

115 493 269 550 apparere.
316 475 373 534 Sed
389 497 448 555 quo
470 477 588 537 facilius
603 497 771 553 cognoscas,
795 498 884 558 quam
906 479 1050 560 exquisiti
1074 480 1194 540 artificii

113 578 241 653 speciem
265 579 321 637 hae
344 579 456 654 figurae
479 582 597 657 saepius
620 581 699 657 apud
721 581 895 641 Ciceronem
917 584 1096 658 praebeant,
1120 584 1194 643 haec

113 680 316 758 contemplare
338 683 491 759 exempla:
518 684 573 742 Ph.
597 684 640 756 Il,
664 684 720 743 76:
739 687 864 759 primum
888 685 986 755 luce,
1012 706 1068 744 non
1093 695 1194 744 tene-

114 784 212 854 bris,
245 787 345 843 deinde
372 805 433 842 cum
457 783 606 848 01350053
628 796 655 844 ct
678 796 786 862 toga,
821 787 909 845 nullis
937 808 987 846 nec
1015 783 1195 852 Gallicis

114 908 166 946 nec
189 889 353 946 lacaerna.
401 889 464 947 Mil.
485 893 522 947 10
547 888 746 966 (notissimum
768 890 842 949 illud
865 896 896 950 et
916 892 954 950 ab
970 891 1035 968 ipso
1051 890 1194 950 Cicerone

115 1011 157 1050 or.
179 995 236 1048 165
259 991 394 1068 allatum)
425 993 494 1062 ,Est
515 995 608 1068 igitur
630 992 702 1050 laec
725 993 840 1064 iudices
860 1013 916 1051 non
944 996 1111 1070 scripta,
1145 994 1198 1051 scd

114 1103 199 1152 nuta
223 1096 286 1164 len,
321 1113 406 1172 quam
428 1115 485 1153 non
509 1095 734 1165 didicimus,
761 1098 993 1172 accepimus,
1020 1096 1190 1171 legimus,

115 1216 209 1254 uerum
232 1218 269 1254 cn·
290 1207 396 1256 natura
418 1201 483 1275 ipsu
506 1201 758 1275 arripuimus,
792 1199 1002 1269 hausimus,
1035 1218 1194 1275 expres-

113 1303 244 1370 simus,
280 1302 422 1379 adquam
450 1321 506 1359 non
537 1301 656 1371 docti,
688 1301 740 1359 scd
765 1301 880 1378 facti,
913 1321 969 1359 nan
1000 1302 1190 1371 instituti,

113 1404 164 1461 sed
185 1402 320 1460 imbuti
347 1409 470 1461 sumus.‘
515 1401 589 1480 §52
620 1405 698 1483 quod
722 1403 891 1481 exemplum
915 1403 1116 1462 cumulatione
1139 1422 1193 1461 no·

111 1524 181 1567 vem
200 1506 470 1582 contrapositorum
491 1506 527 1566 fit
542 1506 671 1581 insigne.
718 1506 795 1564 Phil.
813 1507 899 1579 VIII,
917 1510 953 1565 2:
972 1513 1102 1582 potest
1120 1507 1192 1562 cuam

113 1629 174 1666 esse
196 1609 319 1680 bellum,
345 1618 377 1666 ut
399 1611 535 1667 tumultus
557 1628 612 1666 nou
635 1613 690 1679 sit,
718 1610 853 1667 tumultus
875 1627 936 1666 csse
958 1611 1019 1666 sine
1042 1607 1116 1665 bella
1137 1627 1192 1665 non

112 1713 331 1788 potcstffl).
380 1709 435 1788 §8
469 1723 513 1783 ,ut
543 1711 645 1769 bellarm
674 1715 736 1769 sine
766 1712 888 1768 tumultu
912 1715 1023 1788 possit,
1057 1710 1193 1767 tumultus

114 1817 176 1873 sinc
199 1814 271 1873 bello
294 1835 355 1872 esse
384 1834 439 1872 non
458 1816 575 1891 possit‘
621 1813 699 1891 §29
732 1824 798 1884 ,aut
820 1814 940 1872 libertas
958 1822 1066 1890 parata
1090 1814 1196 1890 uictori

113 1927 230 1976 astaret
251 1937 327 1976 mors
354 1919 504 1994 proposita
537 1916 719 1994 uicto‘115).
765 1917 810 1975 De
833 1918 904 1992 imp.
928 1917 1032 1991 Pomp.
1058 1921 1112 1973 28:
1145 1916 1196 1992 qui

112 2022 213 2078 eluda
235 2031 321 2099 atque
343 2043 358 2076 e
377 2023 574 2097 pueritiae
596 2020 826 2096 disciplinis
852 2062 909 2076 ...
933 2021 972 2077 ad
990 2020 1088 2094 patris
1108 2037 1192 2075 exer·

114 2127 201 2181 citum
231 2133 315 2200 atque
346 2126 375 2182 in
398 2124 565 2181 militiae
595 2122 841 2198 disciplinam
869 2120 1021 2198 profectus
1049 2130 1109 2190 est,·
1143 2121 1196 2197 qui

114 2235 242 2282 cutremu
262 2229 386 2304 pucritia
411 2227 491 2284 miles
514 2229 542 2283 in
565 2226 695 2283 exercitu
707 2223 774 2301 fuit
794 2227 898 2282 summi
917 2225 1121 2301 imperatoris,
1147 2225 1191 2280 in-

114 2337 197 2386 eunte
218 2328 408 2388 adulescentia
428 2332 548 2387 maximi
562 2332 623 2403 ipsc
639 2329 786 2384 exercitus
803 2329 980 2402 imperator,
1005 2328 1057 2403 qui
1076 2328 1191 2401 saepius

114 2450 175 2489 cum
206 2431 286 2489 toste
314 2434 448 2511 conflauit
473 2450 556 2508 quam
587 2433 732 2506 quisquam
764 2448 825 2486 cum
858 2431 974 2487 im'mico
1003 2430 1187 2497 concertavit,

108 2535 195 2611 plura
213 2534 287 2593 lello
300 2537 392 2611 gessit
413 2553 497 2611 quam
513 2537 603 2591 ceteri
623 2534 802 2609 legerunt,
823 2533 923 2608 plures
942 2534 1107 2609 prouincias
1123 2549 1190 2587 con-

102 2637 197 2716 jecit,
221 2656 307 2715 quam
330 2638 385 2695 alii
404 2639 686 2713 concupiverunt:
718 2637 799 2692 cuius
822 2635 1016 2692 adulescentia
1039 2636 1078 2690 ad
1098 2636 1189 2691 scicn-

112 2743 180 2797 tiom
202 2742 248 2798 rei
260 2741 398 2798 militaris
415 2759 471 2797 non
489 2740 593 2797 altenis
613 2741 789 2815 praeceptis,
815 2738 866 2795 scd
885 2740 946 2793 suis
969 2738 1108 2812 imperiis,
1134 2755 1189 2793 non

112 2840 317 2921 offensionibus
340 2842 425 2912 belli,
450 2842 502 2899 sed
522 2844 668 2911 uictorias,
695 2861 750 2899 non
773 2841 938 2915 stipendus,
964 2839 1016 2895 sed
1037 2839 1189 2915 triumphis

110 2955 156 3004 est
175 2945 297 3003 erudita.
321 2978 363 2988 —-
394 2945 504 3004 Faccre
526 2964 587 3003 non
609 2963 745 3019 possum,
776 2947 810 3000 ut
832 2942 966 3001 omittam
990 2942 1045 3000 Ph.
1064 2940 1120 3012 Ill,
1138 2946 1187 3013 36,

109 3048 162 3106 ubi
190 3047 392 3107 concinnitate
421 3066 492 3108 sane
523 3047 658 3125 quaesita
687 3044 887 3104 memorabilis
910 3045 1017 3105 effecta
1043 3048 1089 3103 est
1111 3049 1188 3103 stru-

110 3155 209 3208 ctura:
232 3151 322 3219 ,Sunt
342 3152 427 3227 impii
445 3152 530 3221 ciues,
555 3151 607 3206 sed
625 3167 681 3225 pro
705 3151 830 3207 caritate
851 3147 1049 3225 reipublicae
1071 3147 1187 3204 nimium

112 3251 209 3320 multi,
242 3261 344 3310 contra
374 3252 581 3311 multitudinem
612 3252 680 3310 bene
710 3254 890 3310 sentientium
914 3251 1061 3308 admodum
1081 3250 1186 3325 pauci‘

110 3353 178 3430 (pro
201 3354 436 3431 suntquamquam
459 3356 572 3435 e.q.s.).
597 3390 638 3398 —
670 3356 829 3413 Praeterea
851 3351 967 3411 confer:
990 3350 1067 3408 Phil.
1086 3351 1137 3421 IV,
1156 3355 1184 3406 8.

109 3457 180 3528 VII,
202 3461 248 3514 19.
266 3461 315 3515 21.
339 3456 379 3530 X,
396 3463 423 3516 8.
444 3463 494 3516 18.
519 3458 608 3532 XIII,
626 3463 654 3516 4.
672 3463 702 3515 6.
734 3457 819 3530 XIV,
837 3459 886 3513 25.
917 3455 987 3530 imp.
1010 3454 1114 3529 Pomp.
1133 3457 1183 3510 31.

110 3565 160 3620 38.
179 3565 231 3618 66.
248 3561 297 3619 67.
732 3586 737 3592 ·

179 3746 239 3807 112)
257 3749 296 3796 his
314 3749 471 3796 continentur
488 3749 664 3809 paragraphis:
683 3751 706 3796 2.
724 3751 747 3796 3.
768 3749 807 3795 14.
827 3748 866 3794 1'1.
888 3746 927 3794 19.
947 3749 988 3795 36.
1006 3747 1047 3793 39.

177 3834 237 3897 113)
254 3835 308 3882 Mil.
323 3837 345 3881 3.
366 3837 388 3882 5.
409 3837 449 3882 10.
469 3838 509 3882 31.
527 3837 568 3882 33.
588 3838 629 3884 33.
647 3836 688 3882 36.
706 3837 747 3882 41.
766 3835 807 3881 15.
828 3835 868 3880 52.
887 3833 926 3879 83.
947 3832 986 3880 90.
1004 3833 1044 3879 93.
1066 3833 1106 3879 39.
1127 3833 1183 3880 103.

176 3918 237 3984 114)
254 3920 390 3968 chiasmum
414 3934 511 3980 quoque
536 3936 628 3980 quaeso
646 3921 843 3976 animadvertas,
869 3931 918 3978 quo
935 3916 976 3964 hic
993 3913 1088 3966 κύκλου
1105 3918 1184 3976 ligura

107 4005 211 4063 exsistit,
229 4005 259 4052 de
277 4019 327 4064 qua
344 4006 403 4053 vide
424 4005 607 4054 Volkmannum
625 4023 650 4068 p.
663 4008 722 4055 101.

178 4091 237 4155 115)
254 4091 302 4140 nisi
320 4092 384 4139 forte
401 4093 448 4138 hoo
465 4095 605 4155 exemplum
622 4095 686 4142 inter
704 4090 918 4140 annominattonss
935 4090 1029 4138 reterre
1047 4088 1134 4135 mavis.

934 4171 981 4233 sp*
