2602 4560
522 246 739 313 m53..

92 397 295 478 quaestionem
310 401 487 478 pertinebit:
510 404 558 464 661
573 403 664 479 capiti
679 403 810 464 tabulam
827 404 876 482 (Β)
898 404 1007 466 adiecit
1022 426 1051 482 p.
1064 402 1168 487 sosoi,

91 499 234 581 inquam
257 523 396 565 numeros
425 506 637 579 clausularum,
669 525 743 586 quas
772 506 941 582 indagavit,
974 506 1005 565 in
1028 513 1170 568 centenos

90 603 202 663 relatos
224 606 382 681 congessit.

180 704 276 769 Quam
299 709 349 788 qui
373 709 504 768 tabulam
526 710 729 786 perlustrarit,
761 729 848 770 nemo
880 711 944 771 fere
974 710 1169 783 addubitabit,

91 806 166 888 quin
188 828 221 868 re
243 829 314 871 vera
336 812 394 871 alia
426 813 465 872 sit
492 813 559 872 aliis
588 813 774 888 temporibus
803 813 974 872 habitarum
1004 812 1170 872 orationum

93 911 280 987 compositio.
326 918 370 973 Ao
393 915 528 975 Wiistius
558 921 618 975 tres
642 915 810 975 orationum
837 915 945 975 classes
973 914 1110 975 conficit:
1139 934 1169 991 p.

93 1012 213 1076 Quinot
236 1015 330 1092 (681
356 1017 439 1090 hab.)
464 1051 506 1060 -
535 1018 652 1077 Verrin.
675 1017 714 1094 (6.
731 1019 801 1096 76))
834 1018 869 1077 66
895 1017 968 1094 imp.
990 1019 1042 1078 cn.
1065 1018 1171 1093 Pomp.

92 1117 162 1196 (66)
184 1151 226 1168 -ψ
248 1138 278 1195 p.
295 1120 405 1179 Archia
428 1120 511 1197 (62);
533 1120 700 1197 prodestis
723 1121 854 1198 (66)-
877 1120 1008 1197 Philipp.
1031 1115 1169 1200 (44s43)2

93 1239 218 1299 qustum
240 1221 337 1297 prima
358 1223 489 1283 nondum
512 1223 585 1283 satis
606 1223 770 1299 perfectas,
802 1223 900 1281 media
928 1222 1168 1298 perfectissimas,

92 1326 242 1398 postrema
262 1343 365 1385 rursus
380 1344 397 1384 a
413 1345 526 1385 summa
547 1326 731 1402 perfectione
746 1325 920 1385 recedentes
934 1323 1087 1385 contineat
1102 1343 1170 1383 ora-

93 1423 201 1486 tiones.
245 1426 304 1486 His
326 1427 422 1488 utitur
442 1428 559 1488 verbis:
583 1428 667 1498 ,Inde
679 1427 777 1507 facite
799 1437 933 1504 apparet,
958 1428 989 1484 td
1009 1428 1084 1504 qaod
1102 1446 1169 1505 per

90 1547 130 1584 se
151 1530 260 1586 etiam
284 1538 566 1588 consentaneum
590 1539 682 1588 estet
704 1532 758 1599 s'ts,
793 1548 865 1607 quoe
889 1548 978 1607 supro
1001 1531 1036 1589 de
1057 1531 1170 1588 evitatis

91 1632 122 1688 tn
142 1631 400 1708 paragraphoram
423 1641 452 1690 et
473 1635 597 1709 capitam
614 1634 753 1691 clausulis
774 1633 924 1709 disyllabos
947 1635 1010 1692 dist
1029 1650 1168 1710 perquam

86 1729 251 1810 prodatur,
285 1751 421 1792 666666
448 1734 653 1814 perfectionem
680 1737 764 1793 cerni
789 1739 818 1793 r'n
848 1737 948 1794 666116
978 1732 1166 1805 orotrbm'bas,

90 1852 165 1912 quas
186 1853 260 1912 quae
281 1838 454 1895 antecedunt
475 1838 585 1895 luctari
605 1840 736 1896 videntur
749 1857 810 1895 666
826 1847 900 1907 orte,
925 1846 1170 1915 praesequantur

91 1956 209 1996 severos
229 1940 304 1997 ortis
326 1941 519 1998 remissionem
535 1942 676 2017 quondum
700 1941 840 2011 16616661,
867 1942 909 1999 itc
925 1950 977 1998 ut.
995 1982 1002 1998 .
1020 1948 1042 1998 .‘
1086 1940 1171 1999 Haec

91 2040 179 2114 ratio,
203 2041 254 2100 ubi
278 2042 405 2118 primum
421 2061 484 2102 eam
501 2043 637 2119 cognovi,
661 2043 767 2103 habuit
781 2044 880 2104 nescio
896 2043 977 2123 quid,
1001 2043 1080 2123 qnod
1095 2042 1169 2101 mihi

92 2163 153 2204 non
175 2143 263 2205 valde
286 2146 432 2205 arrideret
451 2145 502 2205 vel
524 2166 583 2205 non
607 2145 778 2205 satisfacere
799 2146 967 2207 videretur:
990 2147 1080 2205 immo
1096 2162 1169 2205 vero

95 2245 156 2306 scio
185 2246 273 2328 quid:
304 2248 393 2308 nimis
415 2249 493 2308 enim
517 2249 681 2308 communis
704 2248 823 2309 videtur
844 2249 927 2309 locus
949 2247 1098 2320 adhiberi,
1128 2267 1168 2307 sc.

96 2349 174 2429 quod
196 2370 284 2410 nemo
307 2353 342 2411 de
365 2352 459 2424 caelo,
491 2356 525 2411 ut
546 2342 643 2424 aiunt,
673 2352 824 2427 perfectus
852 2351 963 2412 labitur
984 2350 1107 2422 artifex,
1140 2353 1171 2408 et

95 2453 173 2532 quod
199 2471 287 2514 senes
314 2453 474 2514 infantium
502 2474 604 2513 rursus
632 2454 710 2514 fiunt
737 2455 839 2515 instar.
884 2454 944 2514 Hic
965 2460 1064 2514 autem
1087 2452 1169 2511 16666

92 2557 258 2616 communis
287 2577 325 2616 66
348 2559 474 2638 quadrat
502 2558 622 2638 quidem
651 2558 740 2634 plane
770 2559 805 2617 66
828 2558 1030 2638 eloquentiam
1052 2556 1168 2616 Cicero·

93 2659 222 2720 nianam.
266 2661 433 2725 Quadraret
455 2669 517 2722 tum
541 2663 643 2734 modo,
668 2662 692 2721 si
716 2662 853 2721 omnibus
876 2660 1084 2737 expertibus,
1107 2678 1169 2717 non

95 2761 182 2821 modo
197 2765 419 2841 compositione,
442 2766 493 2824 sed
516 2766 606 2824 etiam
627 2765 811 2837 inventione,
835 2763 1031 2840 dispositione
1054 2761 1168 2820 mediae

95 2863 197 2926 classis
218 2867 367 2928 orationes
389 2869 557 2944 superiores
579 2869 747 2940 evaderent,
772 2885 859 2946 quam
882 2865 995 2942 primae
1018 2868 1048 2924 et
1069 2868 1168 2922 extre·

94 2988 176 3029 mae:
207 2972 287 3050 quod
316 2991 349 3031 66
371 2990 443 3032 vera
472 2991 658 3052 nequaquam
687 2970 736 3030 fit:
768 2988 835 3028 nam
857 2969 961 3028 insunt
980 2968 1012 3027 in
1036 2976 1171 3026 extrema

94 3072 189 3133 classe
210 3073 404 3134 celeberrima
424 3075 477 3134 1116
498 3075 664 3134 Miloniana
685 3081 716 3135 et
738 3073 913 3135 suavissima
934 3072 987 3131 illa
1001 3069 1167 3148 Ligariana,

94 3191 183 3253 qnam
204 3177 325 3257 quidem
348 3177 552 3241 Quintilianus
573 3178 772 3237 crebrioribus
794 3177 931 3236 laudibus
954 3176 1054 3247 effert,
1084 3172 1168 3252 eqni-

94 3279 159 3339 dem
189 3283 379 3356 margaritam
408 3282 492 3362 quasi
523 3283 597 3342 duco
620 3281 774 3341 Tullianae
796 3279 995 3360 eloquentiae.
1040 3279 1119 3352 Ergo
1142 3273 1167 3334 si

92 3386 309 3463 compositione
331 3392 447 3447 tantum
470 3387 584 3446 mediae
608 3385 709 3445 classis
731 3384 881 3444 orationes
896 3380 1055 3452 excellunt,
1078 3379 1168 3438 huius

90 3489 135 3548 rei
157 3489 232 3550 alias
254 3509 356 3550 causas
385 3489 526 3566 indagare
550 3493 677 3566 oportet.
721 3485 899 3562 Exemplum
921 3504 993 3545 vero
1016 3483 1166 3556 Isocratis,

92 3594 173 3672 quod
188 3593 324 3654 Wiistius
340 3592 559 3653 confirmandae
575 3592 726 3669 opinionis
748 3609 819 3651 suae
841 3608 929 3649 eausa
950 3588 1033 3648 addit
1053 3607 1093 3647 ex
1108 3586 1167 3646 (iic.

91 3715 135 3756 or.
155 3697 233 3758 176:
257 3696 346 3771 ‚Quin
368 3698 454 3754 etiam
476 3717 507 3754 se
529 3699 590 3774 epse
613 3705 734 3766 tontum,
759 3703 895 3773 quantam
919 3701 1013 3752 aetate
1032 3688 1167 3769 procede·

93 3799 142 3857 dat
242 3801 397 3859 relaxarat
422 3819 439 3858 o
462 3801 550 3857 ntias‘o
577 3802 745 3858 necessitate
774 3802 969 3856 numeroram‘
997 3795 1085 3854 etiam
1113 3812 1167 3869 pro

96 3904 184 3963 nobis
199 3909 301 3976 certat,
323 3912 486 3964 cartonen
508 3904 633 3984 quadrat
655 3903 690 3960 66
713 3903 752 3974 16,
776 3901 855 3980 quod
869 3901 936 3961 vult
950 3897 1078 3975 probari,
1100 3915 1168 3972 pro·

94 4008 233 4068 bandum.
278 4009 354 4067 Nam
385 4027 451 4067 oum
482 4008 555 4066 haec
585 4006 777 4066 antecedant:
812 4006 933 4074 ,Horum
965 4010 1082 4078 aterque
1114 4001 1166 4078 (66.

93 4110 330 4191 Thrasymachus
352 4116 383 4171 et
405 4109 542 4188 Gorgias)
565 4111 719 4168 Isocratem
742 4115 837 4166 aetate
853 4107 1040 4182 praecurrit,
1066 4112 1099 4162 at
1119 4123 1168 4164 eos
