2602 4560
495 205 709 269 -61-

59 359 130 420 luce
152 358 260 440 clarius
282 360 324 419 sit
337 358 560 419 Marcellianum
582 358 614 419 in
636 359 698 433 tali,
723 359 819 439 qualis
834 363 944 431 nostra,
969 361 1142 438 quaestione

60 483 119 523 nec
141 461 243 522 deberi
265 482 320 522 neo
342 481 429 538 posse
451 461 568 538 respici.
612 461 670 520 Sed
686 481 746 521 non
765 480 885 536 possum
909 462 1050 522 adsentiri
1072 464 1142 522 huie

61 564 212 643 opinioni.
255 564 388 624 Primum
411 563 490 622 enim
512 564 659 643 equidem,
683 581 759 642 quae
775 563 940 622 necessaria
963 566 1088 642 quadam
1110 568 1142 627 vi

61 646 134 729 huic
157 666 323 728 sententiae
352 686 407 727 nos
429 664 545 741 alliget,
580 684 697 725 causam
726 684 848 741 prorsus
875 685 936 725 nou
957 666 1054 728 video.
1099 673 1143 729 Ac

41 748 101 831 ⁸de
123 769 253 846 singulis
274 769 394 848 quidem
417 767 620 828 locutionibus
641 772 673 827 et
694 767 867 840 sententiis,
891 767 923 825 in
947 770 1055 849 quibus
1078 772 1143 851 qui-

63 875 133 934 dam
154 873 334 945 haerebant,
357 871 407 930 hie
430 870 547 931 dicendi
569 871 651 930 locus
674 886 733 929 non
757 876 816 942 est;
840 870 897 930 uisi
921 890 979 950 qua
1001 892 1040 930 ex
1061 874 1143 950 ipsis,

64 995 144 1056 quae
164 976 245 1036 infra
266 976 303 1035 de
325 993 433 1049 gauere
457 973 546 1033 huius
568 972 711 1034 orationis
728 973 918 1046 disserentur,
941 975 977 1033 ad
999 976 1078 1036 huuc
1100 977 1144 1036 lo·

64 1100 134 1140 oum
161 1079 386 1139 redundabunt:
417 1078 468 1138 sed
497 1097 605 1148 unum,
640 1076 720 1155 quod
741 1076 790 1137 vel
812 1077 848 1135 ad
870 1077 1073 1137 inventionem
1094 1080 1145 1139 vel

63 1184 104 1243 ad
126 1180 354 1259 dispositionem
376 1179 500 1254 attinet,
524 1199 584 1239 non
606 1198 727 1255 possum
749 1179 799 1238 hic
821 1198 879 1238 uon
903 1198 1144 1241 commemorare.

62 1287 191 1363 Saepius
213 1285 293 1345 enim
314 1282 373 1345 viri
396 1284 475 1344 dooti
497 1284 527 1342 id
551 1288 856 1343 commemoraverunt
877 1284 955 1342 haue
978 1285 1143 1345 orationem

64 1409 106 1449 ex
128 1389 242 1449 duabus
263 1387 352 1465 plane
373 1386 454 1447 inter
474 1405 505 1446 se
528 1385 670 1446 seiunctis
692 1386 826 1462 partibus
848 1390 992 1459 constare,
1016 1406 1141 1467 quarum

63 1493 160 1554 altera
176 1495 277 1551 orator
291 1488 409 1550 Caesari
424 1489 534 1566 gratias
549 1492 651 1563 ageret
673 1485 713 1567 §5-
724 1493 837 1560 5-20,
862 1487 954 1547 altera
969 1486 1002 1567 §S
1019 1495 1144 1548 21-32

64 1597 104 1656 ad
126 1613 163 1654 ea
183 1593 386 1670 responderet,
409 1611 484 1672 quae
507 1592 615 1652 Caesar
636 1593 672 1650 de
694 1590 811 1650 insidiis
832 1591 1020 1652 inimieorum
1042 1599 1145 1669 protu-

64 1699 160 1759 lisset.
205 1697 248 1755 cf.
271 1694 627 1755 Richter-Eberhardium
643 1695 736 1770 praef.
752 1714 783 1770 p.
797 1699 836 1754 9:
859 1694 929 1764 ,Aa
952 1696 1146 1771 lt'rwiderccg

64 1800 126 1878 aas
143 1803 267 1859 Caesare
289 1798 462 1875 Anspracte
489 1800 588 1856 nemost
615 1799 657 1854 sie
686 1816 739 1855 aas
760 1799 854 1855 decret*
877 1797 1147 1874 rtre‘Aeordnung

66 1909 98 1964 r'n
121 1904 197 1962 zwei
219 1902 313 1972 Ter'le,
346 1903 405 1960 die
433 1900 516 1960 trin
540 1901 673 1959 andros
695 1901 795 1959 Band
821 1909 931 1958 colar
959 1901 1036 1959 sict
1066 1921 1147 1961 ver·-

67 2007 224 2067 bindet‘
268 2003 299 2062 Si
322 2004 456 2082 profecto
480 2023 528 2063 res
549 2005 592 2064 ita
613 2022 645 2063 se
667 2005 792 2078 habeat,
816 2004 841 2063 si
864 2023 996 2065 conexus
1018 2005 1148 2082 singula·

67 2129 135 2171 rum
156 2107 287 2185 partium
309 2126 429 2168 revera
450 2107 489 2167 sit
511 2113 571 2167 tam
594 2107 762 2180 dissolutus,
785 2107 858 2166 mihi
880 2127 1001 2188 quoque
1022 2109 1080 2169 hoe
1102 2128 1148 2168 ar·

70 2216 244 2289 gumentum
275 2210 347 2270 satis
369 2210 501 2270 indicare
522 2210 659 2271 videatur
681 2210 844 2270 orationem
873 2218 1003 2270 nostram
1028 2230 1045 2270 a
1067 2210 1148 2271 (lice-

68 2334 143 2375 rone
166 2333 227 2373 non
249 2314 285 2372 ad
308 2313 470 2374 editionem
491 2312 668 2390 perpolitam
691 2313 884 2394 limatamque
908 2334 981 2374 esse.
1025 2313 1082 2373 Sed
1107 2349 1148 2357 -

70 2436 145 2495 paee
167 2416 262 2477 dicem
285 2417 417 2477 virorum
441 2418 534 2476 multo
558 2436 605 2476 me
628 2416 792 2477 doctiorum
812 2418 920 2477 -hac
943 2419 979 2478 de
1001 2437 1033 2477 re
1055 2418 1150 2495 magis

71 2524 198 2581 externe
227 2520 371 2581 orationis
402 2521 500 2597 specie
529 2520 579 2598 (of.
603 2517 692 2598 §th
723 2521 820 2594 ,Nunc
841 2521 930 2582 venio
953 2523 989 2581 ad
1011 2522 1149 2598 gravissi·

70 2642 149 2682 mam
173 2624 334 2704 querellam
357 2630 388 2683 et
408 2624 623 2683 atrocissimam
646 2623 844 2701 suspicionem
868 2628 949 2685 tuam
972 2627 1076 2706 e.q.s.‘)
1099 2627 1149 2685 ad-

71 2727 153 2788 duoti
186 2726 394 2786 iudicaverunt
424 2745 512 2806 quam
544 2726 695 2786 internum
727 2727 941 2787 sententiarum
974 2745 1085 2787 nexum
1115 2747 1149 2788 ae

71 2849 263 2908 progressum
283 2829 485 2907 respicientes.
530 2829 607 2887 Mihi
622 2848 693 2889 vero
716 2828 805 2888 huius
828 2829 970 2889 orationis
993 2830 1148 2907 dispositio

72 2934 167 2996 multo
183 2933 278 3009 magis
293 2953 382 3012 quam
397 2933 429 2991 iu
444 2931 623 3010 panegyrico
645 2937 736 3012 atque
752 2950 790 2990 ex
808 2938 941 3009 ternpore
965 2933 1093 3014 quidem,
1116 2941 1151 2995 ut

73 3036 167 3110 aium,
190 3040 328 3114 perorato
346 3040 543 3113 exspectares,
567 3035 687 3096 videtur·
702 3039 839 3096 accurata
853 3042 884 3096 et
897 3036 1034 3113 diligens.
1071 3039 1150 3098 Lou-

75 3160 143 3216 gum
167 3144 214 3200 est
235 3159 337 3199 omnes
359 3140 408 3199 hio
430 3139 591 3216 particulas
612 3143 645 3198 ut
667 3139 743 3199 bene
766 3148 796 3199 et
818 3140 1010 3200 cohaerentes
1033 3145 1064 3201 et
1082 3160 1150 3217 pro-

75 3243 389 3320 cedentesdetegere:
419 3261 514 3320 peuce
536 3243 702 3317 sufficient,
736 3262 811 3324 quae
834 3245 870 3302 ad
894 3263 1002 3302 nexum
1026 3245 1150 3302 duorum

73 3345 192 3407 illorum
227 3347 356 3423 capitum
389 3347 597 3406 illustrandum
633 3351 721 3406 erunt
752 3346 868 3406 idonea.
918 3347 955 3403 In
989 3347 1150 3422 prooemio,

75 3448 155 3531 quod
178 3433 349 3511 continetur
370 3450 474 3527 primis
497 3456 637 3530 quattuor
658 3450 852 3526 paragraphis
875 3454 974 3511 orator
989 3455 1019 3509 et
1033 3469 1150 3511 causam

75 3561 107 3613 et
133 3552 318 3614 occasionem
349 3553 465 3614 dicendi
496 3552 616 3612 indicat.
661 3551 802 3630 Sequitur
830 3552 899 3611 iude
927 3557 1150 3632 aparagrapho

77 3660 184 3735 quarta
205 3675 299 3735 usque
322 3657 359 3715 ad
381 3656 560 3716 tricesimam
581 3655 704 3715 alteram
726 3654 792 3731 ipsa
812 3655 959 3714 laudatio:
989 3675 1076 3735 quam
1099 3678 1151 3716 ex·

77 3757 151 3836 cipit
172 3758 308 3835 epilogus
331 3756 366 3838 ὃς
384 3763 423 3817 33
447 3762 478 3819 et
500 3764 556 3834 34,
589 3778 647 3838 quo
675 3757 808 3819 breviter
836 3758 960 3818 iteratur
990 3759 1151 3834 gratiarum

77 3860 170 3934 aetio,
201 3867 243 3934 ,ut
261 3863 341 3922 unde
363 3863 403 3923 sit
425 3880 506 3936 orsa,
537 3862 569 3921 in
593 3863 696 3920 eodem
718 3861 894 3921 terminetur
917 3861 1031 3922 oratio.‘
1075 3863 1151 3921 Lau-

77 3965 158 4025 datio
173 3983 244 4025 vero
268 3984 338 4026 sane
360 3966 393 4025 in
416 3965 488 4024 duas
511 3970 557 4025 est
575 3965 671 4026 divise
692 3971 802 4041 partes,
824 3965 875 4023 sed
892 3984 968 4044 quae
984 3966 1150 4042 parimodo

78 4071 216 4146 spectant
248 4069 284 4128 ad
313 4069 408 4146 ipsam
442 4067 657 4128 laudationem:
690 4087 815 4146 quarum
847 4067 941 4128 altera
970 4065 1018 4148 (55
1036 4068 1153 4152 5-20)
