2602 4560
583 169 796 236 ,18-

225 326 270 384 Ac
292 327 327 384 de
348 324 445 403 tropis
460 325 580 404 quidem
602 325 662 384 iam
684 325 743 401 ipsi
761 328 791 384 te
807 325 958 384 docebunt
971 323 1103 383 numeri:
1125 343 1226 402 quare

137 429 215 486 hanc
237 428 331 487 adieci
353 428 499 502 tabulam,
531 449 590 508 quo
611 427 728 487 facilius
750 427 885 501 singulos
906 446 1046 486 numeros
1068 427 1100 484 in
1123 446 1226 484 unum

138 530 234 589 locum
267 535 384 590 coactos
415 550 619 607 comparares:
657 530 740 590 cuius
769 512 903 589 tabulae*
920 531 954 587 in
986 530 1081 606 primo
1114 529 1226 587 ordine

139 634 392 709 paragraphomm
415 634 545 708 numeri,
568 633 599 692 in
623 635 752 692 secundo
775 638 943 710 troporum,
966 632 998 690 in
1020 632 1110 691 tertio
1134 632 1226 690 deni-

140 757 198 816 que
220 739 381 796 eorundem
404 737 519 796 numeri
542 738 578 795 ed
601 741 742 796 centenas
764 737 967 813 paragraphus
988 735 1075 795 relati
1098 735 1226 811 conspi-

143 840 277 901 ciuntur:

504 939 540 1021 u
657 944 897 1019 -num-trop.
964 976 1007 984 -
1055 938 1101 1022 u

180 1067 210 1124 p.
227 1046 345 1120 Liger:
500 1051 539 1104 38
652 1079 694 1089 -
742 1044 860 1124 1504)
964 1079 1006 1088 -
1051 1045 1177 1122 38(36)

179 1170 209 1226 p.
227 1148 345 1207 Deiot.:
499 1152 540 1205 45
653 1181 695 1191 -
742 1152 780 1206 12
966 1181 1008 1190 —
1053 1154 1094 1209 29

180 1273 210 1330 p.
227 1250 356 1309 Milone:
483 1255 541 1308 105
655 1254 787 1308 -151“
967 1283 1009 1294 -
1034 1257 1094 1311 150

179 1353 311 1428 Philipp.
329 1353 359 1410 I:
499 1356 538 1409 33
652 1387 694 1395 -
738 1357 779 1411 24
965 1387 1007 1396 -
1054 1361 1092 1414 70

226 1490 268 1498 -
325 1455 374 1514 H:
482 1458 540 1512 119
651 1488 694 1497 -
739 1455 777 1514 87
965 1489 1007 1499 -
1053 1464 1093 1519 30

499 1563 538 1615 39
651 1590 693 1601 -
739 1558 777 1617 37
964 1592 1007 1602 -
1031 1566 1092 1619 100

376 1681 383 1719 :
503 1665 541 1718 16
653 1695 697 1704 —
740 1667 780 1720 23
966 1685 1008 1705 -’-
1032 1668 1092 1723 140

356 1809 365 1824 .
502 1767 541 1820 53
654 1796 696 1806 -
741 1768 780 1821 34
967 1796 1008 1808 -
1053 1772 1093 1826 08

375 1887 383 1926 :
503 1869 541 1923 19
966 1900 1008 1911 —
1034 1875 1094 1928 100

391 1988 398 2026 :
500 1967 541 2026 27
966 2003 1008 2012 -
1053 1977 1093 2032 80

410 2089 418 2130 :
501 2074 541 2128 33
965 2106 1008 2117 -
1052 2081 1093 2134 90

381 2195 387 2232 :
503 2173 539 2231 17
964 2208 1007 2219 -
1054 2182 1092 2236 72

362 2323 369 2337 .
500 2280 540 2333 26
967 2285 1094 2338 -130

380 2401 387 2438 :
500 2383 539 2436 39
966 2414 1007 2422 -
1033 2387 1093 2441 125

398 2503 407 2543 :
502 2486 541 2538 30
965 2515 1007 2526 -
1033 2489 1093 2544 120

415 2607 422 2621 ·
503 2588 542 2642 50
967 2619 1010 2628 -
1034 2594 1094 2647 110

504 2691 544 2744 38
657 2720 699 2730 -
744 2692 782 2746 21
969 2721 1011 2732 -
1056 2697 1096 2750 00

184 2793 220 2852 de
242 2791 313 2868 imp.
338 2793 459 2869 Pomp:
504 2791 542 2850 71
657 2823 700 2834 —
745 2795 785 2848 34
970 2826 1011 2835 -
1056 2798 1096 2853 50

184 2897 220 2956 dc
243 2896 300 2970 leg.
326 2913 387 2970 agr.
411 2896 442 2954 I:
505 2893 545 2952 27
659 2925 702 2936 -
746 2898 787 2953 24
971 2928 1014 2938 -
1058 2901 1108 2956 95.

228 2999 315 3075 Ipsos
345 3001 418 3072 puto
442 2997 514 3056 satis
536 2996 646 3055 diserte
674 2996 757 3076 loqui
780 3016 933 3070 numeros,
966 3017 1031 3056 cum
1053 2999 1084 3057 in
1109 2999 1223 3058 oratio·

143 3104 232 3162 nibus
253 3122 285 3178 p.
303 3099 424 3175 Ligario
447 3103 478 3158 et
493 3098 635 3157 Deiotaro
656 3099 768 3160 habitis
791 3105 831 3157 36
852 3105 883 3157 et
900 3104 939 3156 29
963 3104 1079 3160 tantum
1102 3101 1133 3159 in
1152 3120 1221 3162 cen-

145 3206 225 3267 tanis
247 3201 300 3282 55,
331 3203 364 3261 in
388 3203 493 3263 ceteris
515 3207 613 3261 autem
636 3202 821 3262 orationibus
846 3208 903 3276 50,
927 3209 983 3276 60,
1009 3203 1064 3276 70,
1090 3208 1145 3277 30,
1170 3209 1221 3279 90,

149 3314 226 3383 100,
254 3313 327 3380 120,
359 3306 545 3385 quinetiam
570 3310 627 3363 150
651 3310 682 3364 et
708 3310 766 3364 160
789 3305 984 3367 inveniantur
1013 3306 1111 3382 tropi:
1144 3306 1223 3365 nihil

144 3412 234 3490 plane
254 3411 431 3483 habeamus,
454 3410 534 3489 quod
555 3408 603 3468 hia
626 3409 787 3469 adiciamus
809 3410 957 3483 numeria,
981 3409 1038 3470 nisi
1061 3410 1141 3489 quod
1162 3409 1223 3484 ipai

147 3517 268 3588 docent,
300 3513 379 3591 quod
401 3511 565 3590 Dionysius
595 3514 632 3572 de
654 3512 746 3593 Lysia
774 3512 963 3586 iudicaverit,
993 3513 1072 3572 idem
1100 3532 1154 3571 nos
1185 3513 1222 3570 de

146 3618 257 3679 nostris
279 3617 464 3678 orationibus
486 3637 573 3694 posse
595 3618 737 3678 iudicare.

233 3724 373 3782 Attamen
393 3721 463 3780 nolo
486 3720 575 3780 nudis
596 3726 628 3780 te
642 3722 763 3781 credere
778 3722 918 3795 numeris,
941 3722 1031 3779 immo
1047 3740 1119 3782 vero
1135 3719 1217 3796 ipsos

146 3823 380 3900 contemplemur
408 3829 527 3900 tropos,
560 3824 611 3903 qui
642 3824 703 3883 sint
730 3825 941 3885 accommodati
968 3824 1005 3881 ad
1035 3842 1221 3882 communem

145 3927 262 3987 dicandi
292 3928 550 4001 consuetudinem,
579 3931 685 3987 contra
707 3929 758 4007 qui
779 3928 952 3989 audaciores
977 3927 1221 4004 insignioresque

147 4049 236 4110 quam
258 4031 367 4110 quibua
388 4034 490 4091 utatur
510 4028 613 4090 idiota.
