2602 4560
538 194 752 259 ,44-

192 351 230 408 In
252 351 308 408 hoo
332 350 467 410 oratione
490 371 561 410 eane
583 352 698 412 modiee
719 352 892 412 Cineronem
916 353 1001 430 eopia
1023 356 1191 414 verborum

107 472 192 509 usum
215 471 279 511 esee
302 453 402 513 statim
425 453 480 513 tibi
504 456 706 531 persuadebis,
729 455 753 514 ei
772 456 827 514 hoe
845 456 1007 516 contuleris
1029 477 1192 516 numeros:

107 553 303 615 inueniuntur
334 557 412 615 enim
444 557 476 615 in
507 577 548 617 or.
578 559 605 617 d.
633 558 705 634 imp.
728 559 832 634 Pomp.
854 559 921 618 hab.
951 557 987 637 55
1008 562 1044 618 71
1080 577 1191 635 nonge-

105 657 161 715 riei
184 659 322 735 exempla
341 665 377 718 19
401 665 531 734 tantum,
563 665 595 720 at
616 662 760 720 aooedunt
782 660 938 719 aliusmodi
968 661 1190 721 redundantiae

108 760 247 836 exempla
269 767 325 835 63,
358 768 393 822 ut
414 763 535 823 omnino
559 763 729 823 efficiantur
757 763 894 840 exempla
919 768 974 836 82,
1005 763 1038 822 in
1062 763 1144 822 Phil.
1160 764 1191 822 X

107 861 142 941 55
161 868 200 920 26
232 865 369 941 exempla
400 866 649 941 t÷28=35,
682 866 713 925 in
746 866 826 925 Phil.
845 866 893 924 XI
923 865 959 944 55
979 871 1017 924 39
1049 867 1192 944 exempla

112 965 380 1042 17†41=5a,
412 969 444 1027 in
466 969 544 1028 Phil.
565 969 609 1027 IV
639 967 727 1047 5516
759 969 897 1043 exempla
922 972 1190 1042 12÷11=2a

108 1068 165 1127 Sed
195 1090 317 1146 proreue
349 1070 435 1130 aliter
461 1075 551 1150 atque
580 1071 612 1129 in
636 1071 796 1146 Ligariana
825 1090 873 1131 ree
894 1071 926 1129 in
951 1078 1023 1130 orat.
1048 1091 1080 1147 p.
1104 1073 1189 1131 Dei.

107 1172 176 1230 hab.
199 1172 319 1232 ridetur
341 1191 373 1231 ee
395 1173 514 1232 habere.
559 1174 635 1231 Nam
662 1173 693 1231 in
716 1174 773 1232 hae
795 1173 946 1249 nongeriei
969 1172 1093 1252 quidem
1115 1175 1191 1234 haee

108 1279 125 1331 8
150 1274 236 1333 modo
259 1275 483 1352 conspiciuntur
505 1276 662 1352 exempla:
697 1275 751 1354 56
780 1277 946 1352 Spectarem
977 1277 1109 1347 auream,
1146 1279 1190 1335 in·

106 1386 205 1433 tuerer
219 1376 339 1458 forum,
365 1379 475 1436 eoelum
498 1380 618 1455 denique
641 1387 763 1436 tentarer
785 1381 887 1456 ipsum.
939 1383 975 1436 12
1000 1380 1052 1436 Cn.
1071 1377 1192 1455 Pompei

108 1479 202 1552 bella,
235 1483 388 1552 aratorias,
422 1482 599 1558 triumphos,
632 1482 799 1540 cumulatus
820 1482 996 1539 admirantes
1017 1480 1190 1539 niemeraba·

108 1603 178 1641 narra.
229 1589 266 1642 16
289 1586 425 1642 denotari
446 1586 617 1661 integritas,
641 1586 795 1662 grauitas,
822 1587 924 1656 uirtus,
941 1582 1032 1659 fider.
1080 1589 1122 1641 20
1145 1603 1191 1641 re-

104 1695 170 1763 pete
193 1687 272 1745 illius
295 1689 429 1764 temporis
451 1691 634 1758 memoriam,
663 1707 738 1764 pone
767 1688 848 1746 illum
878 1696 945 1745 ante
973 1687 1072 1745 oeulos
1102 1688 1187 1758 diem,

86 1789 204 1847 'niellus
233 1791 374 1848 berintum
406 1798 432 1848 te
464 1792 632 1849 intuentium
666 1799 752 1868 atque
782 1791 985 1849 admirantium
1018 1791 1187 1847 reeomlare.

110 1898 156 1950 30Ι
173 1893 291 1950 Seruum
308 1893 471 1951 sollicitare
494 1891 600 1963 nertii,
625 1912 674 1970 spe
693 1894 899 1971 promissisque
920 1910 1114 1968 eorrumpere,
1141 1892 1207 1950 ab·'

107 1996 210 2052 dinone
225 1997 346 2066 domum,
373 2004 474 2053 eontra
493 1995 634 2053 dominum
652 2013 767 2053 arninre
785 2015 870 2076 e.q.e.
919 2002 957 2054 39
980 2013 1101 2072 quorum
1120 1994 1193 2054 mibi

109 2099 266 2156 amicitiam
297 2096 461 2175 reipublice
490 2099 674 2169 conciliauit,
708 2098 860 2176 hospitium
884 2100 1017 2157 uoluntas
1040 2099 1191 2176 utriunque

108 2204 273 2273 ooniunait,
301 2201 540 2281 familiaritatem
572 2203 743 2260 consuetudo
774 2203 875 2260 attulit
906 2221 996 2281 eqo.
1052 2204 1089 2259 61
1124 2221 1188 2259 enm

108 2305 223 2362 erudiret
328 2325 409 2364 arma
438 2316 550 2384 sumpta
582 2326 671 2386 e.q.e.
728 2312 766 2364 33
800 2306 902 2363 maritos
937 2307 1015 2362 iussu
1047 2305 1189 2363 Caesaris

69 2454 71 2464 .
108 2417 242 2478 venatos,
276 2408 441 2466 verberator
470 2429 552 2489 e.q.e.
596 2410 652 2468 Sed
684 2408 840 2467 aliusmodi
868 2407 1085 2466 redundantiae
1114 2408 1190 2466 haee

109 2508 247 2584 exempla
269 2517 309 2572 20
333 2512 381 2571 vel
404 2518 460 2573 22ε
492 2511 545 2590 52
575 2511 743 2569 sceleratum
767 2520 797 2567 et
817 2513 942 2587 impium.
987 2511 1027 2570 ib.
1059 2515 1191 2570 tuerint

110 2622 215 2687 tegere.
251 2613 291 2672 ib.
316 2613 353 2672 nb
375 2616 519 2690 impietate
541 2623 569 2672 et
590 2614 707 2671 scelere.
757 2617 775 2670 4
795 2622 950 2689 praeetnne
972 2614 1190 2692 ailrgulnrisque

108 2698 225 2775 notura.
273 2722 289 2775 5
321 2720 350 2776 in
374 2726 422 2775 tuo
451 2737 501 2776 ore
530 2718 674 2794 uultuque.
723 2716 739 2775 7
772 2735 824 2774 iesu
854 2725 938 2794 utque
966 2719 1185 2775 ereroitan'one.

108 2818 149 2877 ib.
171 2839 221 2897 ape
242 2830 270 2878 et
292 2824 476 2898 cogitatione.
523 2826 541 2879 8
571 2820 754 2879 incommodis
775 2830 804 2877 et
826 2821 1011 2878 detrimentis.
1058 2818 1098 2878 ib.
1129 2838 1186 2878 naa

110 2930 166 2979 tom
189 2925 218 2980 in
243 2921 325 2981 belbe
346 2935 429 3002 atque
452 2927 481 2983 in
501 2925 624 3002 proeliis
646 2942 729 3001 quam
760 2926 789 2982 in
810 2925 964 3001 promi'ssis
990 2931 1019 2980 et
1038 2921 1104 2997 fide
1124 2923 1186 3000 fir·

110 3026 235 3083 miorem.
285 3031 320 3085 ll
345 3028 518 3087 eoneordehe
540 3038 567 3085 et
587 3029 678 3105 paria.
727 3031 764 3085 16
788 3027 870 3084 bomo
893 3025 1072 3084 inconsultus
1095 3034 1124 3081 et
1146 3033 1186 3082 te-

108 3130 260 3186 merarius.
308 3134 347 3186 26
368 3140 522 3207 peraperta
545 3140 573 3188 nt
595 3133 722 3206 cognita.
769 3129 808 3187 27
832 3148 879 3186 rea
902 3131 1094 3204 rationesque.
1144 3131 1185 3184 23

107 3232 227 3307 pullarii
246 3233 467 3310 pudicitiaeque.
516 3238 554 3291 30
584 3233 724 3290 abiectam
747 3241 775 3289 et
798 3230 959 3289 obscuram.
1004 3231 1045 3290 ib.
1068 3232 1187 3306 ingrate

110 3342 138 3390 et
159 3336 254 3412 impie.
302 3341 341 3393 36
365 3337 419 3395 boe
440 3339 552 3395 nemine
573 3345 684 3394 retento
707 3345 791 3414 atque
812 3345 936 3394 seruato.
984 3339 1023 3392 38
1047 3342 1186 3410 reputans

110 3444 140 3493 et
160 3438 221 3494 dies
243 3448 393 3516 noctesque
416 3442 556 3516 rogitans.
596 3440 636 3498 ib.
663 3439 904 3517 tranquillitatem
926 3446 956 3496 et
975 3438 1105 3516 quietem.
1145 3437 1185 3496 37

110 3557 182 3615 qnae
211 3558 334 3616 unquam
366 3551 492 3601 ventatur
521 3542 621 3600 obruet
649 3551 700 3599 aut
729 3559 803 3618 qaae
832 3550 912 3600 tanto
941 3537 1045 3600 delebit
1067 3538 1184 3597 obliuio.

110 3643 195 3700 Adde
217 3642 258 3702 eie
281 3647 335 3704 27:
357 3647 533 3703 ueneriisirne
554 3655 582 3703 et
601 3647 785 3722 gravantium.
823 3647 859 3704 37
885 3664 979 3702 omnes
1002 3642 1081 3700 docti
1101 3652 1187 3721 atque

110 3746 262 3820 sapientes.

197 3850 233 3908 In
256 3849 312 3910 hac
333 3850 426 3926 igitur
454 3870 487 3909 re
509 3851 611 3911 Gioero
639 3851 671 3910 in
693 3851 885 3912 Deiotariana
914 3871 974 3909 non
1003 3855 1063 3909 tam
1091 3849 1185 3925 probe

112 3972 200 4031 quam
222 3953 254 4011 in
269 3954 429 4028 Ligariana
443 3961 563 4014 tenuem
580 3955 698 4014 modum
714 3955 867 4014 adhibuit:
891 3971 1068 4032 quamquam
1085 3972 1186 4011 exem-

111 4056 227 4132 plorum
251 4078 289 4115 ex
312 4077 353 4115 or.
370 4078 398 4134 p.
416 4058 482 4117 Dei.
499 4058 566 4116 hab.
584 4063 789 4133 nongentorum
813 4075 954 4116 numerus
976 4056 1028 4134 (eo.
1045 4056 1186 4134 28-30)
