2602 4560
538 180 750 246 ..32-

193 335 416 395 Artificiosioris
432 335 521 394 etiam
544 335 664 410 figurae,
688 337 912 414 complexionis,
935 357 1011 416 quae
1029 340 1195 416 coniungit

107 439 315 517 repetitionem
346 445 377 496 et
408 438 647 511 conversionem,
680 440 850 515 exemplum
880 440 994 499 nulium
1023 441 1127 500 inesse
1161 444 1194 502 in

108 543 216 605 nostris
235 541 419 601 orationibus
440 542 504 598 fere
523 527 771 616 supervacaneum
789 543 927 602 videatur
946 564 1194 618 commemorare,

107 669 173 708 oum
194 647 227 705 in
250 644 394 716 omnibus,
418 662 492 723 quas
513 645 628 702 adferre
651 645 794 719 solemus,
818 646 1002 705 orationibus
1024 666 1121 705 unum
1146 649 1194 706 in-

106 748 275 810 venerimus
297 747 480 823 exemplum,
503 747 565 804 Mil.
586 753 639 806 te:
675 749 760 822 ,Quis
782 767 829 805 cos
849 749 1031 824 postulavit?
1058 753 1193 828 Appius.

108 855 177 928 Quis
197 851 360 928 producit?
382 851 508 926 Αμμιίιε.
560 850 661 908 Πνιιίε.Ρ
683 849 720 906 ab
743 852 868 927 Appia‘

193 963 221 1018 3.
265 958 314 1013 De
330 954 571 1023 contrapositis
589 970 613 1011 s.
630 941 827 1029 ἀντιθέτοις,
849 956 1194 1016 annominationibus

108 1080 133 1122 s.
163 1048 441 1143 παρονομασίαις,
475 1060 517 1115 de
547 1046 815 1136 ὁμοιοτολεύτοις.
865 1056 953 1114 Haud
986 1057 1090 1130 exigui
1124 1077 1193 1118 esse

108 1161 249 1221 momenti
272 1162 378 1219 harum
399 1160 559 1235 figurarum
582 1160 862 1236 contemplationem
886 1179 973 1219 nemo
997 1161 1036 1219 sit
1059 1163 1113 1240 qui
1138 1183 1193 1222 ne·

107 1271 172 1340 get:
202 1263 376 1340 praesertim
404 1282 470 1320 cum
500 1262 663 1340 Dionysius
692 1262 762 1323 Hal.
791 1263 909 1338 saepius
936 1263 968 1320 in
990 1265 1044 1322 has
1066 1263 1192 1340 figuras,

108 1387 184 1447 quae
208 1362 356 1444 Γοργίειαι
377 1365 531 1438 feruntur,
553 1366 714 1425 invehatur
736 1372 770 1425 ut
791 1357 954 1444 decepturis
976 1371 1007 1425 et
1028 1361 1192 1443 μειρακιώ-

108 1470 168 1540 δεις
190 1475 224 1528 ut
245 1469 276 1526 in
300 1487 345 1544 ep.
368 1469 405 1526 ad
425 1471 489 1526 Am.
505 1468 547 1541 Π,
571 1473 627 1528 c.2
651 1473 681 1527 et
704 1468 789 1542 c.17,
813 1469 848 1527 de
871 1469 901 1530 vi
925 1469 1009 1528 Dem.
1029 1490 1052 1528 e.
1070 1474 1109 1527 18
1134 1491 1192 1530 nec

106 1575 160 1636 vix
190 1573 287 1630 facere
316 1571 477 1647 possimus,
508 1571 580 1651 quin
609 1572 735 1631 Asianos
766 1591 885 1651 quoque
914 1572 951 1631 iis
980 1592 1044 1631 esse
1067 1574 1191 1647 gavisos

107 1683 260 1753 putemus,
292 1695 358 1733 cum
388 1673 465 1732 idem
496 1673 660 1752 Dionysius
689 1675 720 1732 in
750 1674 903 1750 prooemio
935 1676 971 1733 de
1002 1678 1075 1736 vett.
1099 1683 1191 1738 orati.

106 1780 175 1838 libri
209 1799 233 1838 ο.
260 1783 273 1836 l
312 1777 472 1837 Asiaticam
505 1777 665 1837 dictionem
694 1771 851 1856 ἀφόρητον
881 1770 1033 1836 α’ναίδειαν
1063 1783 1191 1859 θεατρι-

107 1874 243 1957 κὴνῐθῡ)
272 1880 410 1956 appellet.
455 1881 493 1938 Et
515 1881 661 1953 Hegesias
683 1880 976 1960 Hegesianactesque
1000 1882 1109 1941 scimus
1133 1878 1189 1940 αἰν-

107 1982 209 2044 τίθετα
231 1987 311 2042 certe
333 1981 381 2043 vel
403 1982 627 2059 παρονομασίας
648 1984 869 2061 frequentasse,
900 2004 1006 2060 nempe
1036 2003 1076 2042 ex
1105 1986 1188 2061 frag-

108 2087 218 2145 mentis
247 2087 283 2143 ab
306 2085 527 2159 Agatharchide
557 2086 696 2160 servatis,
726 2086 777 2144 ubi
806 2086 878 2145 talia
906 2091 1040 2145 exstante
1072 2079 1189 2163 ὁρῶσαι

108 2182 175 2265 τὴν
197 2180 386 2267 πρότερον
408 2175 503 2247 οὗαν
525 2179 643 2246 οὐκέτ’
666 2174 791 2248 οὖσαν.
815 2222 858 2233 -
882 2182 991 2247 Δεινόν
1013 2181 1068 2265 τὴν
1084 2184 1190 2270 χώραν

108 2284 284 2370 ἄσπορον
306 2282 382 2350 εἶναι
403 2283 455 2350 τᾶν
477 2284 549 2362 τούς
571 2285 771 2369 Σπαρτούς
793 2293 946 2350 τεκοῦσαν.
969 2326 1010 2335 -
1039 2291 1090 2361 Τίς
1106 2285 1133 2350 δ’
1150 2286 1210 2370 α’ἱνΙ

107 2387 229 2454 δύναιτο
259 2394 383 2469 ποιῆσαι
412 2388 467 2470 τὴν
492 2389 622 2474 Κύρου
652 2389 736 2454 δόσιν
766 2387 927 2473 ἅκαρονς
951 2429 993 2439 —
1028 2389 1131 2454 Τόπον
1155 2392 1188 2455 δὲ

107 2500 172 2567 πῶς
187 2489 289 2576 γένοιτ’
305 2487 341 2554 dv
357 2488 499 2572 ὂὶβατος
514 2493 634 2573 βάτου
649 2492 868 2576 περικειμένους
914 2497 1049 2559 Alterum
1064 2499 1095 2556 id
1112 2503 1187 2572 erat,

109 2602 187 2681 quod
217 2599 438 2675 frigidissimam
467 2602 590 2660 reddere
620 2601 783 2660 orationem
809 2603 1044 2677 Agatharchides
1072 2601 1110 2661 iis
1133 2604 1187 2661 ob-

107 2705 191 2778 iecit,
223 2702 275 2783 qui
301 2704 374 2762 haec
397 2724 516 2784 quoque
544 2707 707 2764 memoratu
729 2705 819 2781 digna
841 2707 877 2764 de
900 2706 1030 2782 Hegesia
1052 2705 1186 2764 animad-

106 2807 212 2869 vertit:
244 2797 286 2878 ,Ὀ
309 2801 340 2866 di
363 2800 463 2884 φήσας
489 2800 587 2866 δεινόν
615 2796 690 2866 εἶναι
719 2801 772 2884 τὴν
800 2809 857 2887 γῆν
887 2800 1021 2887 ἄσπορον
1044 2803 1185 2888 γενέσθαι

108 2905 161 2987 τήν
191 2903 260 2979 τούς
282 2903 442 2990 Σπαρτούς
472 2912 614 2971 τεκοῦσαν
646 2907 678 2969 ἒκ
708 2913 768 2969 τοῖν
798 2903 1001 2989 ὀνομάτων
1023 2906 1078 2989 τὴν
1101 2909 1184 2971 ἐναν-

107 3012 207 3073 τίωσιν
229 3009 358 3090 εἴληφεν,
382 3008 440 3071 οὐκ
455 3011 487 3072 ἐκ
504 3017 557 3073 τοῦ
580 3006 817 3094 πράγματος]
863 3015 1046 3074 Posteriores
1062 3036 1184 3095 quoque

108 3117 236 3176 Asianos
257 3115 329 3176 talia
350 3117 500 3175 adamasse
523 3136 577 3192 per
592 3138 623 3178 se
641 3121 746 3195 patere
767 3122 849 3192 puto.
896 3117 940 3173 De
956 3119 1065 3196 quibus
1080 3118 1184 3178 Cicero

109 3222 191 3279 Brut.
214 3223 273 3276 325
298 3219 430 3293 disserit,
464 3240 585 3296 parum,
619 3224 761 3300 quantum
785 3220 921 3298 equidem
944 3221 1046 3294 video,
1068 3223 1184 3298 perspi·

109 3343 162 3384 cue
176 3321 262 3401 ¹⁰⁶):
285 3326 416 3382 attamen
439 3327 570 3383 nostram
594 3326 680 3384 oredo
703 3325 806 3384 iuvare
829 3325 1015 3398 sententiam,
1039 3325 1118 3404 quod
1136 3325 1184 3383 ei-

179 3547 238 3613 105)
256 3560 404 3606 quamquam
422 3561 460 3592 ms
479 3561 527 3593 uon
547 3546 609 3607 sugit
625 3549 650 3594 in
669 3548 707 3594 his
726 3547 828 3594 vocibus
847 3543 967 3612 Seutptxri
988 3544 1032 3598 καὶ
1049 3541 1183 3612 ἀνάγωγος

108 3635 285 3696 generaliorem
304 3646 400 3692 quoque
418 3633 499 3680 inesse
520 3633 652 3691 notionem,
671 3638 697 3680 ut
714 3634 789 3681 etiam
807 3635 832 3680 in
850 3634 899 3682 iud.
919 3634 949 3680 de
964 3633 1040 3680 Thuc.
1054 3647 1076 3692 p.
1089 3636 1138 3681 813
1152 3635 1182 3680 R.

107 3715 267 3784 ἐπιτιμήσεις
284 3720 397 3767 dicuntur
415 3715 518 3784 ἔχουσαί
535 3734 559 3768 τι
577 3716 710 3782 θεατρικὸν
728 3717 772 3770 καὶ
789 3721 840 3770 τῶν
858 3718 954 3771 πολλῶν
972 3712 1122 3783 dccccvii,
1135 3729 1136 3732 ’
1151 3722 1182 3768 de

109 3822 157 3867 quo
175 3809 229 3854 loco
247 3807 306 3854 vide
324 3806 418 3854 Reishii
436 3807 518 3852 adnot.
555 3805 602 3852 Sed
620 3806 678 3853 vids
696 3807 770 3854 stiam
787 3807 846 3855 Ern.
860 3809 908 3855 lex.
922 3806 1002 3853 techa.
1017 3804 1103 3853 Graec.
1117 3807 1179 3855 rhet.

108 3909 133 3954 p.
149 3895 205 3941 154.

179 3977 239 4042 106)
256 3979 313 4026 vide
331 3979 395 4026 inter
413 3979 476 4037 alia,
503 3993 576 4037 quam
595 3978 695 4040 ancipiti
714 3980 892 4040 significatione
910 3977 1059 4026 vocabulum
1083 3983 1180 4026 senten·

109 4066 157 4113 tiae
182 4070 297 4126 usurpet:
322 4065 400 4125 priori
418 4067 484 4114 onim
501 4067 555 4113 loco
573 4066 632 4124 quid
649 4065 771 4126 significet
787 4066 940 4115 demonstrat
962 4065 1025 4112 illud
1050 4066 1180 4124 ,semotio-
