2602 4560
551 217 765 283 ..49..

248 371 344 444 „Nam
368 389 434 431 eum
457 376 546 432 antea
571 393 625 450 per
646 379 773 434 aetatem
804 375 935 433 nondum
958 375 1048 433 huius
1069 374 1196 435 auetori-

185 474 295 546 „tatem
318 472 376 532 looi
392 474 539 550 attingere
555 478 693 535 auderem
713 470 719 557 Ι
738 480 958 556 statueremque
974 476 1052 536 nihil
1066 477 1124 536 hue
1139 476 1197 536 nisi

183 575 368 652 „perfeetum
384 575 515 652 ingenio,
539 578 722 638 elaboratum
738 579 885 639 industria
900 580 1010 639 adferri
1027 583 1174 656 oportere,
1192 576 1195 659 Ι

183 696 291 752 „omne
314 698 411 738 meum
428 684 545 756 tempus
561 681 721 742 amisorum
737 682 922 759 temporibus
937 683 1196 742 transmittendum

181 779 334 857 „ausui
350 774 362 863 l

115 904 173 962 Est
187 898 316 968 δίκωλος
327 900 490 976 praemisso
503 903 658 963 enuntiato
675 904 850 963 seeundario
862 906 977 978 effoeta,
1001 906 1085 965 euius
1097 905 1198 982 priora

116 1005 253 1065 membra
275 1003 449 1064 dissolutius
470 1024 526 1081 per
548 1007 787 1068 eoniunotionem
811 1012 902 1086 ,que‘
925 1009 1095 1068 oohaerent.

246 1125 299 1205 §2
322 1127 389 1199 „lta
409 1142 522 1196 neque
544 1125 595 1186 hio
617 1126 700 1186 loeus
714 1146 825 1186 vaeuus
840 1147 972 1207 unquam
994 1128 1053 1187 fuit
1067 1129 1104 1186 ab
1120 1127 1171 1186 iis
1191 1124 1195 1208 Ι

183 1229 253 1309 „qui
274 1233 404 1291 vestram
434 1248 551 1288 eausam
574 1229 769 1290 defenderent
788 1225 792 1309 Ι
811 1237 847 1291 et
868 1249 951 1289 meus
973 1229 1057 1291 labor
1079 1230 1112 1288 in
1134 1231 1195 1308 pri-

182 1337 337 1407 „vatorum
367 1331 509 1408 perieulis
531 1338 610 1391 easta
633 1333 810 1412 integreque
832 1330 992 1413 versatus!
1034 1353 1073 1392 ex
1094 1339 1195 1394 vestro

182 1436 312 1511 „iudicio
335 1437 464 1495 fruetum
488 1439 534 1494 est
555 1435 768 1511 amplissimum
792 1440 996 1497 eonseeutus.“

116 1560 172 1618 Est
202 1549 386 1635 τετράκωλον
418 1555 494 1614 bene
524 1556 719 1616 constitutum
752 1556 947 1617 correlatione
981 1556 1194 1633 partioularum

118 1664 276 1740 ,neque‘;
300 1663 366 1733 ,et‘⁸

245 1764 341 1838 „Nam
364 1779 444 1821 eum
465 1766 588 1838 propter
610 1760 782 1820 dilationem
800 1761 986 1822 comitiorum
1008 1768 1055 1822 ter
1076 1767 1197 1838 praetor

182 1867 317 1944 „primus
333 1865 476 1925 oenturiis
492 1865 606 1925 eunetis
629 1865 817 1925 renuntiatus
839 1885 903 1924 sum
923 1862 928 1945 Ι
947 1865 1034 1924 facile
1049 1865 1195 1939 intellexi,
1263 1920 1266 1927 .

181 1969 335 2044 „Quirites
354 1965 359 2048 Ι
378 1974 414 2028 et
436 1968 507 2047 quid
531 1969 566 2026 de
588 1987 636 2026 me
658 1967 829 2028 iudicaretis
849 1963 854 2049 Ι
873 1974 907 2028 et
929 1969 1001 2048 quid
1023 1967 1089 2027 aliis
1111 1987 1196 2045 prae-

180 2072 399 2148 „seriberetis.“

115 2196 172 2253 Est
192 2189 336 2270 volentos
357 2191 429 2251 satis
451 2194 532 2249 arete
556 2189 761 2250 eoniunetum:
783 2189 945 2266 praemisso
970 2190 1125 2250 enuntiato
1148 2211 1194 2251 se·

117 2295 269 2369 eundario,
294 2294 492 2355 eomelatione
515 2297 555 2351 ‘et
575 2325 617 2335 —
640 2295 687 2352 et‘.

244 2415 351 2490 „Nune
366 2431 446 2474 aum
460 2423 489 2472 et
504 2412 690 2473 austeritatis
705 2413 737 2471 in
753 2431 800 2471 me
822 2419 963 2473 tantum
986 2413 1033 2487 sit,
1054 2410 1060 2495 Ι
1080 2433 1194 2492 quau-

179 2526 275 2595 „tum
296 2539 351 2578 vos
366 2517 533 2577 honoribus
547 2515 722 2576 mandandis
738 2534 802 2576 asse
819 2515 965 2591 voluistis,
985 2511 990 2600 Ι
1010 2526 1039 2574 et
1053 2519 1088 2576 ad
1105 2536 1193 2594 agen·

180 2623 269 2696 „dnm
292 2621 442 2681 faoultatis
465 2624 612 2681 tantum
630 2616 635 2700 Ι
656 2624 836 2699 quantum
860 2620 972 2678 homini
997 2620 1134 2696 vigilanti
1156 2640 1195 2679 ex

183 2725 312 2798 „lorensi
333 2744 390 2783 usu
411 2742 505 2800 prope
521 2722 670 2783 cotidiana
685 2722 802 2782 dioendi
825 2722 1000 2782 exercitatio
1023 2723 1122 2799 potuit
1144 2724 1195 2781 ad·

182 2827 287 2900 „ferra
309 2821 332 2910 ΙΙΙ
356 2810 436 2886 oerte
464 2835 495 2882 et
522 2824 546 2885 si
577 2824 649 2905 quid
678 2823 864 2883 auctoritatis
892 2823 923 2881 in
952 2842 999 2882 me
1026 2825 1072 2882 est
1090 2820 1095 2904 Ι
1114 2825 1194 2900 apud

182 2949 264 3004 „eos
290 2935 365 3003 utar,
385 2923 391 3010 Ι
411 2929 472 3008 qui
506 2947 570 2987 eam
599 2926 671 2985 mihi
696 2920 868 3007 dederuntu
905 2936 933 2984 ec
954 2925 979 2984 si
1002 2925 1073 3006 qnid
1095 2925 1128 2984 in
1150 2926 1194 2984 di-

110 3048 113 3057 ·
179 3033 291 3109 „sendo
307 3031 448 3111 oonsequi
464 3048 594 3107 possum,
611 3023 623 3110 ΙΙ
639 3029 687 3087 iis
711 3028 864 3088 ostendam
885 3028 1080 3105 potissimum,
1101 3025 1105 3112 Ι
1127 3030 1192 3109 qui

179 3136 226 3211 „ei
249 3155 369 3216 quoque
391 3133 435 3192 rei
455 3135 584 3192 frustum
616 3151 668 3190 suo
692 3130 802 3190 iudicio
831 3131 1024 3191 tribuendum
1052 3152 1117 3192 esse
1139 3132 1193 3191 du·

178 3241 337 3314 ,neruntfl
353 3232 366 3319 Ι

114 3363 161 3421 En
189 3356 451 3420 artifieiosissimae
480 3353 702 3414 numerositatis
732 3352 881 3430 specimen
912 3350 1191 3428 splendidissimum.

112 3463 217 3523 Habes
238 3461 328 3522 trium
351 3458 540 3535 periodorum
560 3456 747 3532 complexum
771 3474 859 3534 quam
881 3453 1087 3514 arctissimum.
1132 3457 1190 3515 Ne·

114 3584 173 3646 que
201 3564 297 3624 solnm
325 3561 440 3639 periodi
471 3560 605 3636 singulae
629 3562 709 3617 arete
731 3559 909 3631 cohaerent,
942 3577 1008 3617 eum
1030 3559 1192 3635 praemissa

113 3667 227 3745 protasi
248 3664 341 3744 (oum)
363 3667 570 3741 exspectemus
592 3680 712 3722 neeesse
736 3661 776 3721 sit
798 3660 951 3739 apodosin,
976 3679 1052 3740 quae
1075 3666 1105 3720 et
1125 3661 1191 3738 ipsa

113 3771 145 3829 in
169 3772 242 3830 duas
263 3767 408 3829 dividitur
429 3767 568 3844 periodos
590 3783 644 3842 per
667 3768 712 3824 ‘et
735 3800 775 3807 -
799 3760 842 3826 et’
865 3769 946 3823 arete
962 3768 1189 3840 ooagmentatas,

114 3872 278 3933 sedetiam
305 3873 386 3933 intra
413 3870 647 3948 uniuscuiusque
676 3868 791 3944 periodi
820 3869 962 3927 ambitum
992 3868 1189 3927 membrorum

114 3974 299 4051 singulorum
321 3976 460 4036 iunotura
482 3980 543 4034 tam
566 3973 601 4032 fit
623 3972 727 4049 plana,
760 3978 794 4031 ut
813 3973 876 4030 tore
898 3969 1098 4047 praestringat
1120 3989 1188 4029 oeu-

113 4077 211 4138 lorum
233 4077 335 4152 aeiem,
357 4080 414 4138 hoo
436 4078 539 4136 modo:
560 4083 596 4138 et
619 4120 625 4135 .
645 4120 674 4133 ..
698 4078 859 4147 tantum,
883 4078 1067 4153 quantum
1091 4079 1189 4133 -et

969 4184 993 4234 la
