2602 4560
69 373 249 441 dubitantes,
281 380 375 430 utrum
399 374 427 429 in
451 375 513 430 cire
535 391 572 430 an
595 373 625 430 in
647 372 728 428 boste
740 353 889 447 figantur.
937 370 991 449 57
1023 391 1079 430 non
1103 374 1147 430 in-

71 484 154 533 ustae
188 474 260 532 belli
291 477 463 533 internecivi
494 484 588 532 notae.
643 474 660 552 5
688 479 724 532 19
756 475 924 549 invigilasse
957 474 1143 552 resperblieae.

71 579 147 658 §25
179 581 294 636 Antoni
322 580 468 635 immanem
500 586 529 635 et
548 576 668 657 foedam
699 577 896 635 crudelitatem
925 597 981 636 non
1008 578 1098 634 solum
1128 597 1146 636 c

69 681 179 757 iugulis
212 682 337 751 nostris,
374 681 425 738 sed
453 683 536 738 etnam
572 699 589 738 a
620 679 753 737 membris
782 689 811 738 et
839 681 998 739 uisceribus
1027 683 1143 738 auertit.

69 784 143 863 534
167 795 251 861 utque
273 785 380 841 satanam
404 783 449 840 bis
471 783 599 841 omnibus
621 783 786 859 abstergere
798 785 903 864 fletum
926 785 1073 842 sententiis
1095 803 1147 841 no-

68 890 139 945 stris
164 929 220 944 ...
243 905 400 964 possemus.

154 994 207 1049 Ex
228 996 311 1048 orat.
334 995 377 1049 de
397 994 516 1061 imper.
540 995 598 1049 On.
620 995 736 1062 Pomp.
759 995 838 1050 hab.

155 1091 207 1170 57
232 1093 359 1150 Delenda
390 1103 432 1150 est
459 1092 539 1150 uobis
562 1095 615 1150 illa
639 1094 752 1150 macula
860 1110 932 1169 quoe
952 1092 1067 1167 penitus
1089 1093 1145 1148 sam

71 1196 173 1254 insedit
194 1215 229 1253 ac
251 1197 335 1253 nimis
358 1197 529 1255 inueterauit
550 1201 580 1255 in
599 1199 704 1275 populi
724 1199 846 1256 llomanl
865 1199 985 1254 nomine.
1019 1195 1091 1254 ibid.
1116 1204 1147 1252 ut

69 1319 100 1357 se
121 1318 177 1356 uon
200 1297 286 1356 Ponti
312 1318 401 1376 neque
425 1301 626 1376 Cappadociae
656 1299 775 1357 latebris
806 1299 955 1357 occultare
982 1299 1062 1368 uelit,
1096 1298 1148 1355 sed

69 1420 214 1477 emergere
243 1421 280 1458 ea
304 1403 402 1476 patris
433 1421 522 1478 regno
553 1412 638 1479 atque
662 1445 669 1460 .
691 1445 726 1461 ..
752 1405 780 1460 in
809 1404 901 1460 Asiae
928 1402 990 1459 luce
1019 1403 1143 1459 uersari.

70 1505 87 1583 5
110 1510 145 1562 79
169 1524 255 1562 ruere
279 1505 332 1561 illa
355 1524 411 1562 non
431 1514 561 1582 possunt,
587 1515 619 1562 ut
639 1506 710 1563 baec
726 1525 782 1564 non
798 1506 891 1562 eodem
910 1503 1056 1581 labefacta
1072 1512 1147 1560 motu

70 1609 232 1667 concidant.
267 1605 343 1684 530
367 1606 468 1666 bellum
491 1618 535 1665 est
640 1610 790 1686 sepultum.
824 1606 898 1685 532
917 1607 1147 1685 propugnaculis

72 1713 186 1787 imperii
205 1711 237 1788 (i.
252 1730 278 1769 e.
303 1710 458 1789 classibus)
480 1713 620 1769 sociorum
641 1710 797 1788 fortunas,
833 1731 887 1769 non
916 1730 968 1769 sua
997 1719 1070 1767 tecta
1100 1710 1146 1766 de-
1201 1780 1204 1784 Δ

61 1812 195 1891 fondere.
242 1813 322 1891 534
353 1814 443 1888 Quam
473 1815 608 1873 celeriter
638 1815 690 1872 Cn.
717 1814 846 1893 Pompeio
875 1814 945 1871 drace
976 1815 1052 1871 tanti
1079 1811 1149 1870 belli

71 1919 189 1994 impetus
209 1920 384 1994 ncrepavit?
427 1916 503 1995 536
527 1920 586 1976 Sed
602 1919 709 1976 multae
727 1928 795 1977 sant
816 1928 895 1976 artes
917 1919 1039 1975 eximiae
1061 1916 1146 1973 buius

68 2021 257 2077 administrae
275 2023 446 2097 comitesque
463 2023 591 2080 uirtutes.
637 2020 653 2099 5
671 2028 710 2080 66
735 2024 813 2097 Quae
830 2023 932 2079 ciuitas
949 2030 994 2077 est
1008 2022 1037 2078 in
1054 2021 1142 2088 Asia,

70 2141 143 2201 quae
269 2126 354 2181 unius
387 2123 497 2182 tribuni
527 2126 647 2183 militum
681 2127 792 2183 am'mos
823 2144 859 2183 cc
889 2126 1010 2201 spiritus
1043 2141 1147 2198 capere

70 2227 189 2302 possit?
759 2231 761 2237 ’

158 2331 211 2386 Ex
234 2336 315 2388 orat.
337 2335 380 2389 de
401 2336 465 2402 leg.
489 2348 559 2402 agr.
582 2335 660 2393 hab.
681 2336 708 2391 Ι.

156 2429 173 2508 5
194 2436 206 2488 l
242 2450 313 2508 queue
334 2452 380 2490 res
403 2444 501 2510 aperte
518 2434 687 2510 petebatur,
721 2454 754 2492 eo
775 2453 853 2492 nunc
875 2434 986 2492 occulte
1007 2431 1147 2490 cuneoulis

70 2544 264 2611 oppugnatur.
311 2533 363 2612 56
392 2538 444 2593 His
468 2537 627 2613 insignibus
649 2547 734 2614 atque
756 2537 856 2615 infiatis
879 2538 994 2612 imperii
1013 2534 1143 2592 uenditis.

71 2638 88 2716 5
110 2642 143 2696 11
168 2657 343 2695 nummus..
362 2658 462 2715 ‚quem
486 2659 541 2697 nou
564 2641 717 2698 architecti
737 2641 855 2698 buirrsce
878 2640 951 2715 legis
973 2638 1147 2716 olfecemnt?

72 2741 147 2819 515
170 2751 220 2798 ant
242 2742 367 2800 inm'dioe
388 2753 439 2800 aut
464 2745 646 2819 pestilentiae
672 2743 885 2821 possessoribus
915 2742 981 2819 (pro
1009 2762 1147 2817 agrorum

72 2851 124 2904 aut
152 2845 368 2905 invidiosorum
399 2852 457 2905 aut
480 2847 688 2922 pestiferorum
718 2847 959 2924 possessoribus).
1004 2845 1079 2923 516
1112 2865 1147 2902 ne

71 2945 166 3005 urbem
189 2948 243 3005 bae
267 2948 337 3005 urbe
352 2950 413 3005 alia
432 2968 562 3025 premere
580 2959 609 3006 et
624 2969 729 3026 urgere
744 2952 872 3026 possitis.
917 2947 933 3026 5
950 2953 987 3007 21
1013 2949 1145 3005 borreum

71 3049 149 3120 belli,
175 3050 226 3107 snb
248 3054 333 3127 signo
356 3053 546 3128 claustrisque
562 3053 739 3129 respublicae
757 3055 881 3129 positum
905 3052 1040 3128 uectigal.
1072 3049 1145 3128 524

70 3173 133 3210 cum
240 3174 296 3211 oon
318 3165 348 3211 et
368 3158 529 3212 anactoritas
558 3156 684 3212 consulis
712 3165 828 3231 repente
854 3158 884 3212 in
908 3157 995 3212 tantis
1024 3152 1147 3212 tenebris

70 3257 213 3314 illuserit.
260 3255 332 3334 527
359 3257 441 3331 Quod
460 3261 488 3314 si
507 3261 559 3335 quai
578 3268 699 3316 oestrum
722 3279 772 3336 spe
795 3259 909 3317 ducitur
929 3278 960 3315 se
978 3275 1063 3334 posse
1086 3266 1147 3312 tur·

70 3359 184 3418 bulento
216 3364 330 3419 ratione
357 3361 462 3419 bononi
487 3361 630 3439 velificari
656 3383 708 3421 sno
739 3362 906 3440 (translatio
936 3365 1054 3435 sumpta
1074 3378 1093 3417 a
1113 3377 1146 3416 re

68 3463 212 3539 nautica).
235 3498 276 3506 —
301 3498 342 3507 -
408 3444 416 3450 ¹

156 3566 188 3624 Si
211 3568 267 3626 hoo
289 3572 442 3644 troporum
463 3569 644 3645 florilegium
674 3589 739 3627 cum
768 3569 806 3627 iis
834 3567 1014 3644 compararis
1042 3566 1145 3643 tropis,

71 3671 123 3747 qui
153 3672 185 3728 in
218 3676 305 3730 oratt.
333 3691 361 3747 p.
386 3673 507 3749 Ligario
538 3679 569 3732 et
595 3695 624 3750 p.
649 3673 790 3733 Deiotaro
820 3674 909 3731 habb.
942 3670 1146 3742 inveniuntur,

71 3792 132 3830 non
153 3773 267 3849 potaris
289 3775 403 3849 facere,
436 3777 510 3855 quin
533 3778 612 3856 quod
634 3776 721 3836 initio
743 3776 833 3834 huius
856 3775 963 3851 capitis
984 3773 1055 3832 solis
1076 3771 1146 3829 freti

71 3877 203 3937 numeris
224 3877 346 3938 tulimus
369 3878 526 3951 iudicium,
556 3884 637 3939 recta
657 3878 688 3936 id
712 3879 906 3939 constitutum
928 3877 1019 3935 fuisse
1042 3893 1145 3934 conce-

72 3979 131 4038 das.
176 3981 301 4039 Nullum
329 3982 391 4040 fere
419 3982 452 4039 in
480 3982 641 4056 Ligariana
669 3981 719 4041 vel
747 3981 780 4039 in
812 4001 854 4040 or.
879 4001 908 4056 p.
932 3978 1030 4037 Deiot.
1062 3977 1146 4035 inve·

72 4081 138 4141 nias
160 4085 342 4160 exemplum,
366 4085 445 4162 quod
469 4103 586 4156 eorum,
618 4103 693 4163 quae
715 4102 761 4140 ax.
778 4082 883 4143 ceteris
906 4081 1058 4140 attulimus
1081 4098 1145 4138 ora·
