<?xml version="1.0" encoding="UTF-8"?>
<!DOCTYPE html PUBLIC "-//W3C//DTD XHTML 1.0 Transitional//EN"
    "http://www.w3.org/TR/xhtml1/DTD/xhtml1-transitional.dtd">
<html xmlns="http://www.w3.org/1999/xhtml" xml:lang="en" lang="en">
 <head>
  <title>
</title>
<meta http-equiv="Content-Type" content="text/html;charset=utf-8" />
  <meta name='ocr-system' content='tesseract 3.04.00' />
  <meta name='ocr-capabilities' content='ocr_page ocr_carea ocr_par ocr_line ocrx_word'/>
</head>
<body>
  <div class='ocr_page' id='page_1' title='image "./deearumquaevoca01guttgoog_0010.png"; bbox 0 0 2602 4560; ppageno 0'>
   <div class='ocr_carea' id='block_1_1' title="bbox 109 988 1285 1199">
    <p class='ocr_par' dir='ltr' id='par_1_1' title="bbox 109 988 1285 1199">
     <span class='ocr_line' id='line_1_1' title="bbox 109 988 1184 1080; baseline -0.001 -18"><span class='ocrx_word' id='word_1_1' title='bbox 109 993 166 1062; x_wconf 83' lang='lat' dir='ltr'>De</span> <span class='ocrx_word' id='word_1_2' title='bbox 193 1011 324 1061; x_wconf 81' lang='lat' dir='ltr'>eorum</span> <span class='ocrx_word' id='word_1_3' title='bbox 351 1009 449 1080; x_wconf 82' lang='lat' dir='ltr'>quae</span> <span class='ocrx_word' id='word_1_4' title='bbox 475 993 665 1061; x_wconf 84' lang='lat' dir='ltr'>vocantur</span> <span class='ocrx_word' id='word_1_5' title='bbox 692 988 1008 1077; x_wconf 56' lang='lat' dir='ltr'>caesariano),</span> <span class='ocrx_word' id='word_1_6' title='bbox 1043 988 1184 1062; x_wconf 83' lang='lat' dir='ltr'>oratio·</span> 
     </span>
     <span class='ocr_line' id='line_1_2' title="bbox 276 1103 1285 1199; baseline 0.002 -19"><span class='ocrx_word' id='word_1_7' title='bbox 276 1131 370 1180; x_wconf 92' lang='lat' dir='ltr'>num</span> <span class='ocrx_word' id='word_1_8' title='bbox 396 1108 662 1184; x_wconf 74' lang='lat' dir='ltr'>Tullianarum</span> <span class='ocrx_word' id='word_1_9' title='bbox 688 1129 829 1199; x_wconf 81' lang='lat' dir='ltr'>genere</span> <span class='ocrx_word' id='word_1_10' title='bbox 856 1110 1018 1184; x_wconf 91' lang='lat' dir='ltr'>dicendi.</span> <span class='ocrx_word' id='word_1_11' title='bbox 1283 1103 1285 1106; x_wconf 41' lang='lat'><strong>⁴</strong></span> 
     </span>
    </p>
   </div>
   <div class='ocr_carea' id='block_1_2' title="bbox 526 1273 841 1379">
    <p class='ocr_par' dir='ltr' id='par_1_2' title="bbox 526 1273 841 1379">
     <span class='ocr_line' id='line_1_3' title="bbox 526 1273 841 1379; baseline 0 -1"><span class='ocrx_word' id='word_1_12' title='bbox 526 1309 770 1379; x_wconf 84' lang='lat' dir='ltr'>Proocmlum.</span> <span class='ocrx_word' id='word_1_13' title='bbox 838 1273 841 1279; x_wconf 22' lang='grc' dir='ltr'>Ι</span> 
     </span>
    </p>
   </div>
   <div class='ocr_carea' id='block_1_3' title="bbox 109 1450 1190 3584">
    <p class='ocr_par' dir='ltr' id='par_1_3' title="bbox 109 1450 1188 2230">
     <span class='ocr_line' id='line_1_4' title="bbox 198 1450 1185 1531; baseline -0.003 -18"><span class='ocrx_word' id='word_1_14' title='bbox 198 1451 378 1531; x_wconf 79' lang='lat' dir='ltr'>Quicunque</span> <span class='ocrx_word' id='word_1_15' title='bbox 401 1452 550 1510; x_wconf 83' lang='lat' dir='ltr'>orationes</span> <span class='ocrx_word' id='word_1_16' title='bbox 571 1471 625 1526; x_wconf 90' lang='lat' dir='ltr'>pro</span> <span class='ocrx_word' id='word_1_17' title='bbox 643 1450 678 1514; x_wconf 79' lang='lat' dir='ltr'>Q.</span> <span class='ocrx_word' id='word_1_18' title='bbox 695 1451 814 1526; x_wconf 84' lang='lat' dir='ltr'>Ligario</span> <span class='ocrx_word' id='word_1_19' title='bbox 838 1458 868 1511; x_wconf 93' lang='lat' dir='ltr'>et</span> <span class='ocrx_word' id='word_1_20' title='bbox 890 1471 961 1527; x_wconf 88' lang='lat' dir='ltr'>rege</span> <span class='ocrx_word' id='word_1_21' title='bbox 976 1454 1117 1512; x_wconf 75' lang='lat' dir='ltr'>Deiotaro</span> <span class='ocrx_word' id='word_1_22' title='bbox 1132 1454 1185 1511; x_wconf 85' lang='lat' dir='ltr'>he-</span> 
     </span>
     <span class='ocr_line' id='line_1_5' title="bbox 109 1553 1186 1634; baseline -0.002 -20"><span class='ocrx_word' id='word_1_23' title='bbox 109 1557 188 1615; x_wconf 85' lang='lat' dir='ltr'>bites</span> <span class='ocrx_word' id='word_1_24' title='bbox 210 1555 388 1631; x_wconf 80' lang='lat' dir='ltr'>perlegerit,</span> <span class='ocrx_word' id='word_1_25' title='bbox 417 1554 496 1612; x_wconf 83' lang='lat' dir='ltr'>haud</span> <span class='ocrx_word' id='word_1_26' title='bbox 518 1553 606 1612; x_wconf 82' lang='lat' dir='ltr'>facile</span> <span class='ocrx_word' id='word_1_27' title='bbox 629 1574 695 1612; x_wconf 92' lang='lat' dir='ltr'>eum</span> <span class='ocrx_word' id='word_1_28' title='bbox 718 1555 829 1629; x_wconf 85' lang='lat' dir='ltr'>fugiet,</span> <span class='ocrx_word' id='word_1_29' title='bbox 853 1555 959 1612; x_wconf 90' lang='lat' dir='ltr'>mirum</span> <span class='ocrx_word' id='word_1_30' title='bbox 983 1556 1131 1634; x_wconf 82' lang='lat' dir='ltr'>quendam</span> <span class='ocrx_word' id='word_1_31' title='bbox 1154 1555 1186 1612; x_wconf 91' lang='lat' dir='ltr'>in</span> 
     </span>
     <span class='ocr_line' id='line_1_6' title="bbox 110 1655 1186 1736; baseline -0.002 -19"><span class='ocrx_word' id='word_1_32' title='bbox 110 1659 232 1717; x_wconf 92' lang='lat' dir='ltr'>modum</span> <span class='ocrx_word' id='word_1_33' title='bbox 255 1659 292 1715; x_wconf 84' lang='lat' dir='ltr'>ob</span> <span class='ocrx_word' id='word_1_34' title='bbox 316 1676 350 1715; x_wconf 92' lang='lat' dir='ltr'>eo</span> <span class='ocrx_word' id='word_1_35' title='bbox 374 1655 490 1714; x_wconf 90' lang='lat' dir='ltr'>dicendi</span> <span class='ocrx_word' id='word_1_36' title='bbox 519 1674 627 1730; x_wconf 85' lang='lat' dir='ltr'>genere</span> <span class='ocrx_word' id='word_1_37' title='bbox 656 1657 736 1736; x_wconf 90' lang='lat' dir='ltr'>quod</span> <span class='ocrx_word' id='word_1_38' title='bbox 765 1657 796 1714; x_wconf 92' lang='lat' dir='ltr'>in</span> <span class='ocrx_word' id='word_1_39' title='bbox 820 1657 926 1716; x_wconf 88' lang='lat' dir='ltr'>ceteris</span> <span class='ocrx_word' id='word_1_40' title='bbox 949 1657 1099 1716; x_wconf 83' lang='lat' dir='ltr'>Ciceronis</span> <span class='ocrx_word' id='word_1_41' title='bbox 1122 1676 1186 1715; x_wconf 81' lang='lat' dir='ltr'>oro·</span> 
     </span>
     <span class='ocr_line' id='line_1_7' title="bbox 109 1758 1186 1836; baseline -0.004 -15"><span class='ocrx_word' id='word_1_42' title='bbox 109 1762 244 1821; x_wconf 91' lang='lat' dir='ltr'>tionibus</span> <span class='ocrx_word' id='word_1_43' title='bbox 266 1759 456 1836; x_wconf 91' lang='lat' dir='ltr'>perspicuum</span> <span class='ocrx_word' id='word_1_44' title='bbox 478 1759 525 1832; x_wconf 87' lang='lat' dir='ltr'>sit,</span> <span class='ocrx_word' id='word_1_45' title='bbox 549 1758 643 1816; x_wconf 87' lang='lat' dir='ltr'>videri</span> <span class='ocrx_word' id='word_1_46' title='bbox 668 1778 717 1817; x_wconf 82' lang='lat' dir='ltr'>eos</span> <span class='ocrx_word' id='word_1_47' title='bbox 735 1760 901 1818; x_wconf 85' lang='lat' dir='ltr'>dissentire.</span> <span class='ocrx_word' id='word_1_48' title='bbox 947 1759 1042 1822; x_wconf 80' lang='lat' dir='ltr'>Quom</span> <span class='ocrx_word' id='word_1_49' title='bbox 1066 1760 1102 1817; x_wconf 83' lang='lat' dir='ltr'>od</span> <span class='ocrx_word' id='word_1_50' title='bbox 1124 1778 1186 1818; x_wconf 90' lang='lat' dir='ltr'>rem</span> 
     </span>
     <span class='ocr_line' id='line_1_8' title="bbox 109 1861 1188 1942; baseline -0.002 -20"><span class='ocrx_word' id='word_1_51' title='bbox 109 1883 207 1922; x_wconf 90' lang='lat' dir='ltr'>meum</span> <span class='ocrx_word' id='word_1_52' title='bbox 231 1864 351 1942; x_wconf 89' lang='lat' dir='ltr'>quidem</span> <span class='ocrx_word' id='word_1_53' title='bbox 375 1862 504 1920; x_wconf 82' lang='lat' dir='ltr'>animum</span> <span class='ocrx_word' id='word_1_54' title='bbox 529 1861 655 1919; x_wconf 84' lang='lat' dir='ltr'>Adolfus</span> <span class='ocrx_word' id='word_1_55' title='bbox 677 1861 886 1937; x_wconf 85' lang='lat' dir='ltr'>Kiesslingius,</span> <span class='ocrx_word' id='word_1_56' title='bbox 907 1869 1083 1938; x_wconf 77' lang='lat' dir='ltr'>praeceptor</span> <span class='ocrx_word' id='word_1_57' title='bbox 1105 1882 1188 1921; x_wconf 91' lang='lat' dir='ltr'>meus</span> 
     </span>
     <span class='ocr_line' id='line_1_9' title="bbox 111 1964 1187 2038; baseline -0.001 -13"><span class='ocrx_word' id='word_1_58' title='bbox 111 1968 298 2026; x_wconf 91' lang='lat' dir='ltr'>doctissimus</span> <span class='ocrx_word' id='word_1_59' title='bbox 327 1971 358 2024; x_wconf 92' lang='lat' dir='ltr'>et</span> <span class='ocrx_word' id='word_1_60' title='bbox 378 1964 694 2038; x_wconf 89' lang='lat' dir='ltr'>benevolentissimus,</span> <span class='ocrx_word' id='word_1_61' title='bbox 728 1965 857 2024; x_wconf 83' lang='lat' dir='ltr'>attendit</span> <span class='ocrx_word' id='word_1_62' title='bbox 879 1966 967 2023; x_wconf 91' lang='lat' dir='ltr'>simul</span> <span class='ocrx_word' id='word_1_63' title='bbox 989 1965 1187 2024; x_wconf 88' lang='lat' dir='ltr'>vehementis-</span> 
     </span>
     <span class='ocr_line' id='line_1_10' title="bbox 112 2067 1188 2146; baseline 0 -20"><span class='ocrx_word' id='word_1_64' title='bbox 112 2070 186 2127; x_wconf 83' lang='lat' dir='ltr'>sime</span> <span class='ocrx_word' id='word_1_65' title='bbox 206 2070 389 2144; x_wconf 83' lang='lat' dir='ltr'>pertundens</span> <span class='ocrx_word' id='word_1_66' title='bbox 412 2067 604 2146; x_wconf 88' lang='lat' dir='ltr'>perquirendi</span> <span class='ocrx_word' id='word_1_67' title='bbox 629 2068 809 2144; x_wconf 81' lang='lat' dir='ltr'>cupiditate,</span> <span class='ocrx_word' id='word_1_68' title='bbox 841 2087 899 2146; x_wconf 81' lang='lat' dir='ltr'>qua</span> <span class='ocrx_word' id='word_1_69' title='bbox 919 2069 1040 2127; x_wconf 81' lang='lat' dir='ltr'>tandem</span> <span class='ocrx_word' id='word_1_70' title='bbox 1072 2068 1188 2126; x_wconf 81' lang='lat' dir='ltr'>ratione</span> 
     </span>
     <span class='ocr_line' id='line_1_11' title="bbox 112 2171 703 2230; baseline 0.002 -2"><span class='ocrx_word' id='word_1_71' title='bbox 112 2173 171 2229; x_wconf 81' lang='lat' dir='ltr'>hoe</span> <span class='ocrx_word' id='word_1_72' title='bbox 194 2172 342 2230; x_wconf 80' lang='lat' dir='ltr'>orationes</span> <span class='ocrx_word' id='word_1_73' title='bbox 363 2173 400 2229; x_wconf 85' lang='lat' dir='ltr'>cb</span> <span class='ocrx_word' id='word_1_74' title='bbox 425 2171 532 2229; x_wconf 91' lang='lat' dir='ltr'>ceteris</span> <span class='ocrx_word' id='word_1_75' title='bbox 555 2171 703 2230; x_wconf 83' lang='lat' dir='ltr'>different.</span> 
     </span>
    </p>

    <p class='ocr_par' dir='ltr' id='par_1_4' title="bbox 112 2272 1190 3276">
     <span class='ocr_line' id='line_1_12' title="bbox 202 2272 1187 2351; baseline -0.005 -15"><span class='ocrx_word' id='word_1_76' title='bbox 202 2272 355 2336; x_wconf 79' lang='lat' dir='ltr'>Quodnam</span> <span class='ocrx_word' id='word_1_77' title='bbox 378 2292 449 2334; x_wconf 89' lang='lat' dir='ltr'>vero</span> <span class='ocrx_word' id='word_1_78' title='bbox 473 2273 589 2331; x_wconf 89' lang='lat' dir='ltr'>dicendi</span> <span class='ocrx_word' id='word_1_79' title='bbox 614 2293 707 2348; x_wconf 83' lang='lat' dir='ltr'>genus</span> <span class='ocrx_word' id='word_1_80' title='bbox 730 2274 761 2330; x_wconf 93' lang='lat' dir='ltr'>in</span> <span class='ocrx_word' id='word_1_81' title='bbox 783 2273 844 2347; x_wconf 89' lang='lat' dir='ltr'>his,</span> <span class='ocrx_word' id='word_1_82' title='bbox 877 2274 912 2331; x_wconf 94' lang='lat' dir='ltr'>de</span> <span class='ocrx_word' id='word_1_83' title='bbox 941 2273 1050 2351; x_wconf 88' lang='lat' dir='ltr'>quibus</span> <span class='ocrx_word' id='word_1_84' title='bbox 1080 2273 1187 2349; x_wconf 81' lang='lat' dir='ltr'>agitur,</span> 
     </span>
     <span class='ocr_line' id='line_1_13' title="bbox 116 2375 1188 2454; baseline -0.002 -19"><span class='ocrx_word' id='word_1_85' title='bbox 116 2377 299 2436; x_wconf 83' lang='lat' dir='ltr'>orationibus</span> <span class='ocrx_word' id='word_1_86' title='bbox 322 2376 423 2436; x_wconf 78' lang='lat' dir='ltr'>(licerc</span> <span class='ocrx_word' id='word_1_87' title='bbox 447 2381 566 2435; x_wconf 86' lang='lat' dir='ltr'>secutus</span> <span class='ocrx_word' id='word_1_88' title='bbox 590 2375 643 2449; x_wconf 92' lang='lat' dir='ltr'>sit,</span> <span class='ocrx_word' id='word_1_89' title='bbox 675 2375 699 2434; x_wconf 91' lang='lat' dir='ltr'>si</span> <span class='ocrx_word' id='word_1_90' title='bbox 723 2376 909 2454; x_wconf 82' lang='lat' dir='ltr'>quaerimus,</span> <span class='ocrx_word' id='word_1_91' title='bbox 932 2395 1107 2452; x_wconf 87' lang='lat' dir='ltr'>responsum</span> <span class='ocrx_word' id='word_1_92' title='bbox 1129 2376 1188 2434; x_wconf 82' lang='lat' dir='ltr'>ium</span> 
     </span>
     <span class='ocr_line' id='line_1_14' title="bbox 114 2478 1190 2559; baseline -0.001 -22"><span class='ocrx_word' id='word_1_93' title='bbox 114 2480 196 2539; x_wconf 89' lang='lat' dir='ltr'>dedit</span> <span class='ocrx_word' id='word_1_94' title='bbox 218 2479 481 2552; x_wconf 81' lang='lat' dir='ltr'>Wilamcwitzius,</span> <span class='ocrx_word' id='word_1_95' title='bbox 504 2479 722 2559; x_wconf 81' lang='lat' dir='ltr'>illustrissimus</span> <span class='ocrx_word' id='word_1_96' title='bbox 744 2480 799 2552; x_wconf 75' lang='lat' dir='ltr'>vir,</span> <span class='ocrx_word' id='word_1_97' title='bbox 822 2480 854 2538; x_wconf 95' lang='lat' dir='ltr'>in</span> <span class='ocrx_word' id='word_1_98' title='bbox 877 2478 988 2550; x_wconf 88' lang='lat' dir='ltr'>libello,</span> <span class='ocrx_word' id='word_1_99' title='bbox 1011 2481 1063 2559; x_wconf 91' lang='lat' dir='ltr'>qui</span> <span class='ocrx_word' id='word_1_100' title='bbox 1085 2480 1190 2537; x_wconf 89' lang='lat' dir='ltr'>inscri-</span> 
     </span>
     <span class='ocr_line' id='line_1_15' title="bbox 113 2581 1189 2660; baseline -0.005 -18"><span class='ocrx_word' id='word_1_101' title='bbox 113 2584 195 2642; x_wconf 89' lang='lat' dir='ltr'>bitur</span> <span class='ocrx_word' id='word_1_102' title='bbox 211 2582 278 2656; x_wconf 86' lang='lat' dir='ltr'>„die</span> <span class='ocrx_word' id='word_1_103' title='bbox 294 2581 632 2660; x_wconf 78' lang='lat' dir='ltr'>Thukydideslegeudo“</span> <span class='ocrx_word' id='word_1_104' title='bbox 647 2581 678 2640; x_wconf 94' lang='lat' dir='ltr'>in</span> <span class='ocrx_word' id='word_1_105' title='bbox 695 2582 824 2640; x_wconf 80' lang='lat' dir='ltr'>Hermae</span> <span class='ocrx_word' id='word_1_106' title='bbox 840 2586 920 2640; x_wconf 91' lang='lat' dir='ltr'>tomo</span> <span class='ocrx_word' id='word_1_107' title='bbox 937 2582 1001 2640; x_wconf 90' lang='lat' dir='ltr'>XII</span> <span class='ocrx_word' id='word_1_108' title='bbox 1016 2603 1045 2658; x_wconf 90' lang='lat' dir='ltr'>p.</span> <span class='ocrx_word' id='word_1_109' title='bbox 1058 2586 1118 2638; x_wconf 84' lang='grc'>332</span> <span class='ocrx_word' id='word_1_110' title='bbox 1135 2600 1189 2658; x_wconf 66' lang='lat' dir='ltr'>sq„</span> 
     </span>
     <span class='ocr_line' id='line_1_16' title="bbox 112 2683 1190 2762; baseline -0.004 -20"><span class='ocrx_word' id='word_1_111' title='bbox 112 2687 166 2742; x_wconf 88' lang='lat' dir='ltr'>ubi</span> <span class='ocrx_word' id='word_1_112' title='bbox 189 2685 263 2742; x_wconf 80' lang='lat' dir='ltr'>haec</span> <span class='ocrx_word' id='word_1_113' title='bbox 284 2685 394 2760; x_wconf 86' lang='lat' dir='ltr'>scripte</span> <span class='ocrx_word' id='word_1_114' title='bbox 411 2685 566 2745; x_wconf 86' lang='lat' dir='ltr'>videntur:</span> <span class='ocrx_word' id='word_1_115' title='bbox 589 2685 643 2759; x_wconf 81' lang='lat' dir='ltr'>„jo</span> <span class='ocrx_word' id='word_1_116' title='bbox 666 2704 698 2741; x_wconf 79' lang='lat' dir='ltr'>er</span> <span class='ocrx_word' id='word_1_117' title='bbox 720 2683 848 2762; x_wconf 76' lang='lat' dir='ltr'>(Cicero)</span> <span class='ocrx_word' id='word_1_118' title='bbox 872 2685 924 2742; x_wconf 83' lang='lat' dir='ltr'>lot</span> <span class='ocrx_word' id='word_1_119' title='bbox 945 2683 990 2741; x_wconf 74' lang='lat' dir='ltr'>dic</span> <span class='ocrx_word' id='word_1_120' title='bbox 1013 2703 1083 2741; x_wconf 83' lang='lat' dir='ltr'>neue</span> <span class='ocrx_word' id='word_1_121' title='bbox 1097 2684 1190 2740; x_wconf 73' lang='lat' dir='ltr'>Lelos</span> 
     </span>
     <span class='ocr_line' id='line_1_17' title="bbox 116 2785 1190 2865; baseline -0.003 -19"><span class='ocrx_word' id='word_1_122' title='bbox 116 2789 169 2863; x_wconf 84' lang='lat' dir='ltr'>(sc.</span> <span class='ocrx_word' id='word_1_123' title='bbox 193 2805 295 2845; x_wconf 89' lang='lat' dir='ltr'>eorum</span> <span class='ocrx_word' id='word_1_124' title='bbox 324 2787 375 2865; x_wconf 92' lang='lat' dir='ltr'>qui</span> <span class='ocrx_word' id='word_1_125' title='bbox 398 2787 477 2846; x_wconf 91' lang='lat' dir='ltr'>solos</span> <span class='ocrx_word' id='word_1_126' title='bbox 500 2788 616 2846; x_wconf 81' lang='lat' dir='ltr'>Atticos</span> <span class='ocrx_word' id='word_1_127' title='bbox 637 2805 725 2846; x_wconf 88' lang='lat' dir='ltr'>veros</span> <span class='ocrx_word' id='word_1_128' title='bbox 755 2786 915 2845; x_wconf 79' lang='lat' dir='ltr'>imitandos</span> <span class='ocrx_word' id='word_1_129' title='bbox 943 2785 999 2843; x_wconf 84' lang='lat' dir='ltr'>sibi</span> <span class='ocrx_word' id='word_1_130' title='bbox 1028 2805 1190 2860; x_wconf 81' lang='lat' dir='ltr'>proposuc-</span> 
     </span>
     <span class='ocr_line' id='line_1_18' title="bbox 114 2889 1190 2967; baseline -0.005 -19"><span class='ocrx_word' id='word_1_131' title='bbox 114 2889 198 2966; x_wconf 91' lang='lat' dir='ltr'>runt)</span> <span class='ocrx_word' id='word_1_132' title='bbox 226 2893 278 2947; x_wconf 83' lang='lat' dir='ltr'>mit</span> <span class='ocrx_word' id='word_1_133' title='bbox 298 2889 551 2967; x_wconf 76' lang='lat' dir='ltr'>Modeficctionon,</span> <span class='ocrx_word' id='word_1_134' title='bbox 585 2889 630 2946; x_wconf 81' lang='lat' dir='ltr'>die</span> <span class='ocrx_word' id='word_1_135' title='bbox 654 2889 869 2946; x_wconf 69' lang='lat' dir='ltr'>coloncello</span> <span class='ocrx_word' id='word_1_136' title='bbox 897 2889 971 2945; x_wconf 80' lang='lat' dir='ltr'>ancl</span> <span class='ocrx_word' id='word_1_137' title='bbox 997 2890 1104 2962; x_wconf 69' lang='lat' dir='ltr'>Dionys</span> <span class='ocrx_word' id='word_1_138' title='bbox 1129 2906 1190 2944; x_wconf 79' lang='lat' dir='ltr'>oer-</span> 
     </span>
     <span class='ocr_line' id='line_1_19' title="bbox 114 2989 1188 3068; baseline -0.007 -17"><span class='ocrx_word' id='word_1_139' title='bbox 114 3003 184 3064; x_wconf 81' lang='lat' dir='ltr'>trut,</span> <span class='ocrx_word' id='word_1_140' title='bbox 210 2993 363 3068; x_wconf 53' lang='lat' dir='ltr'>ergentlr&#39;ch</span> <span class='ocrx_word' id='word_1_141' title='bbox 386 2996 424 3052; x_wconf 80' lang='lat' dir='ltr'>im</span> <span class='ocrx_word' id='word_1_142' title='bbox 447 2993 564 3068; x_wconf 74' lang='lat' dir='ltr'>Prrizrip</span> <span class='ocrx_word' id='word_1_143' title='bbox 587 3011 801 3067; x_wconf 77' lang='lat' dir='ltr'>angenmamen,</span> <span class='ocrx_word' id='word_1_144' title='bbox 827 2993 857 3048; x_wconf 75' lang='lat' dir='ltr'>in</span> <span class='ocrx_word' id='word_1_145' title='bbox 879 2992 930 3049; x_wconf 78' lang='lat' dir='ltr'>der</span> <span class='ocrx_word' id='word_1_146' title='bbox 945 2991 1050 3048; x_wconf 70' lang='lat' dir='ltr'>Pruse&#39;s</span> <span class='ocrx_word' id='word_1_147' title='bbox 1063 2989 1188 3068; x_wconf 75' lang='lat' dir='ltr'>srec&#39;lz&#39;clt</span> 
     </span>
     <span class='ocr_line' id='line_1_20' title="bbox 116 3093 1187 3174; baseline -0.005 -22"><span class='ocrx_word' id='word_1_148' title='bbox 116 3098 162 3154; x_wconf 77' lang='lat' dir='ltr'>ihr</span> <span class='ocrx_word' id='word_1_149' title='bbox 184 3116 241 3154; x_wconf 77' lang='lat' dir='ltr'>nur</span> <span class='ocrx_word' id='word_1_150' title='bbox 264 3098 292 3153; x_wconf 79' lang='lat' dir='ltr'>in</span> <span class='ocrx_word' id='word_1_151' title='bbox 316 3096 368 3154; x_wconf 81' lang='lat' dir='ltr'>den</span> <span class='ocrx_word' id='word_1_152' title='bbox 384 3098 489 3167; x_wconf 79' lang='lat' dir='ltr'>Redeo,</span> <span class='ocrx_word' id='word_1_153' title='bbox 516 3097 561 3153; x_wconf 69' lang='lat' dir='ltr'>‹ln›</span> <span class='ocrx_word' id='word_1_154' title='bbox 583 3115 615 3152; x_wconf 78' lang='lat' dir='ltr'>er</span> <span class='ocrx_word' id='word_1_155' title='bbox 634 3115 685 3151; x_wconf 81' lang='lat' dir='ltr'>cor</span> <span class='ocrx_word' id='word_1_156' title='bbox 700 3094 759 3151; x_wconf 83' lang='lat' dir='ltr'>dem</span> <span class='ocrx_word' id='word_1_157' title='bbox 777 3095 953 3152; x_wconf 78' lang='lat' dir='ltr'>Monarchcn</span> <span class='ocrx_word' id='word_1_158' title='bbox 973 3094 1110 3174; x_wconf 77' lang='lat' dir='ltr'>gehnltcn</span> <span class='ocrx_word' id='word_1_159' title='bbox 1126 3093 1187 3162; x_wconf 72' lang='lat' dir='ltr'>leot,</span> 
     </span>
     <span class='ocr_line' id='line_1_21' title="bbox 114 3197 910 3276; baseline -0.003 -21"><span class='ocrx_word' id='word_1_160' title='bbox 114 3218 168 3255; x_wconf 76' lang='lat' dir='ltr'>acts</span> <span class='ocrx_word' id='word_1_161' title='bbox 189 3197 344 3257; x_wconf 77' lang='lat' dir='ltr'>Iliiclroz&#39;chl</span> <span class='ocrx_word' id='word_1_162' title='bbox 366 3198 425 3276; x_wconf 80' lang='lat' dir='ltr'>nus</span> <span class='ocrx_word' id='word_1_163' title='bbox 440 3201 535 3257; x_wconf 67' lang='lat' dir='ltr'>diesen</span> <span class='ocrx_word' id='word_1_164' title='bbox 560 3199 714 3273; x_wconf 80' lang='lat' dir='ltr'>Ilechnung</span> <span class='ocrx_word' id='word_1_165' title='bbox 734 3202 910 3273; x_wconf 78' lang='lat' dir='ltr'>getrcgcn.“</span> 
     </span>
    </p>

    <p class='ocr_par' dir='ltr' id='par_1_5' title="bbox 114 3296 1190 3584">
     <span class='ocr_line' id='line_1_22' title="bbox 203 3296 1188 3379; baseline -0.006 -20"><span class='ocrx_word' id='word_1_166' title='bbox 203 3302 242 3360; x_wconf 87' lang='lat' dir='ltr'>Et</span> <span class='ocrx_word' id='word_1_167' title='bbox 264 3302 398 3377; x_wconf 88' lang='lat' dir='ltr'>profecto</span> <span class='ocrx_word' id='word_1_168' title='bbox 422 3302 493 3379; x_wconf 91' lang='lat' dir='ltr'>quid</span> <span class='ocrx_word' id='word_1_169' title='bbox 518 3308 562 3361; x_wconf 88' lang='lat' dir='ltr'>est</span> <span class='ocrx_word' id='word_1_170' title='bbox 584 3301 768 3378; x_wconf 82' lang='lat' dir='ltr'>probabilius</span> <span class='ocrx_word' id='word_1_171' title='bbox 801 3319 888 3378; x_wconf 85' lang='lat' dir='ltr'>quom</span> <span class='ocrx_word' id='word_1_172' title='bbox 910 3299 1080 3357; x_wconf 76' lang='lat' dir='ltr'>Ciceronem</span> <span class='ocrx_word' id='word_1_173' title='bbox 1110 3296 1188 3372; x_wconf 82' lang='lat' dir='ltr'>apud</span> 
     </span>
     <span class='ocr_line' id='line_1_23' title="bbox 114 3400 1188 3482; baseline -0.005 -20"><span class='ocrx_word' id='word_1_174' title='bbox 114 3405 268 3462; x_wconf 79' lang='lat' dir='ltr'>Caesarem</span> <span class='ocrx_word' id='word_1_175' title='bbox 291 3405 438 3463; x_wconf 81' lang='lat' dir='ltr'>dicentem</span> <span class='ocrx_word' id='word_1_176' title='bbox 459 3404 490 3461; x_wconf 92' lang='lat' dir='ltr'>id</span> <span class='ocrx_word' id='word_1_177' title='bbox 514 3424 607 3480; x_wconf 84' lang='lat' dir='ltr'>genus</span> <span class='ocrx_word' id='word_1_178' title='bbox 630 3404 776 3463; x_wconf 83' lang='lat' dir='ltr'>imitatum</span> <span class='ocrx_word' id='word_1_179' title='bbox 793 3422 865 3482; x_wconf 86' lang='lat' dir='ltr'>esse,</span> <span class='ocrx_word' id='word_1_180' title='bbox 889 3421 948 3481; x_wconf 94' lang='lat' dir='ltr'>quo</span> <span class='ocrx_word' id='word_1_181' title='bbox 965 3401 1103 3460; x_wconf 80' lang='lat' dir='ltr'>utebatur</span> <span class='ocrx_word' id='word_1_182' title='bbox 1118 3400 1188 3458; x_wconf 81' lang='lat' dir='ltr'>Oee-</span> 
     </span>
     <span class='ocr_line' id='line_1_24' title="bbox 115 3504 1190 3584; baseline -0.002 -21"><span class='ocrx_word' id='word_1_183' title='bbox 115 3526 171 3566; x_wconf 87' lang='lat' dir='ltr'>scr.</span> <span class='ocrx_word' id='word_1_184' title='bbox 218 3508 305 3583; x_wconf 81' lang='lat' dir='ltr'>Apud</span> <span class='ocrx_word' id='word_1_185' title='bbox 335 3507 432 3582; x_wconf 92' lang='lat' dir='ltr'>ipsum</span> <span class='ocrx_word' id='word_1_186' title='bbox 458 3507 576 3584; x_wconf 91' lang='lat' dir='ltr'>quidem</span> <span class='ocrx_word' id='word_1_187' title='bbox 599 3508 770 3566; x_wconf 84' lang='lat' dir='ltr'>Ciceronem</span> <span class='ocrx_word' id='word_1_188' title='bbox 799 3507 864 3580; x_wconf 91' lang='lat' dir='ltr'>ipso</span> <span class='ocrx_word' id='word_1_189' title='bbox 886 3505 939 3563; x_wconf 91' lang='lat' dir='ltr'>illo</span> <span class='ocrx_word' id='word_1_190' title='bbox 962 3505 1040 3576; x_wconf 89' lang='lat' dir='ltr'>loco,</span> <span class='ocrx_word' id='word_1_191' title='bbox 1072 3504 1190 3581; x_wconf 90' lang='lat' dir='ltr'>quode</span> 
     </span>
    </p>
   </div>
   <div class='ocr_carea' id='block_1_4' title="bbox 115 3692 1191 4087">
    <p class='ocr_par' dir='ltr' id='par_1_6' title="bbox 115 3692 1191 4087">
     <span class='ocr_line' id='line_1_25' title="bbox 187 3692 1190 3758; baseline -0.005 -17"><span class='ocrx_word' id='word_1_192' title='bbox 187 3693 212 3758; x_wconf 88' lang='lat'>1)</span> <span class='ocrx_word' id='word_1_193' title='bbox 240 3695 270 3741; x_wconf 88' lang='lat' dir='ltr'>cf.</span> <span class='ocrx_word' id='word_1_194' title='bbox 288 3694 415 3741; x_wconf 75' lang='lat' dir='ltr'>Baiterum</span> <span class='ocrx_word' id='word_1_195' title='bbox 439 3696 465 3741; x_wconf 91' lang='lat' dir='ltr'>in</span> <span class='ocrx_word' id='word_1_196' title='bbox 489 3696 545 3742; x_wconf 86' lang='lat' dir='ltr'>adn.</span> <span class='ocrx_word' id='word_1_197' title='bbox 566 3695 618 3741; x_wconf 84' lang='lat' dir='ltr'>crit.</span> <span class='ocrx_word' id='word_1_198' title='bbox 647 3695 760 3741; x_wconf 83' lang='lat' dir='ltr'>editionis</span> <span class='ocrx_word' id='word_1_199' title='bbox 779 3694 919 3741; x_wconf 82' lang='lat' dir='ltr'>Turicensis</span> <span class='ocrx_word' id='word_1_200' title='bbox 944 3693 975 3738; x_wconf 89' lang='lat' dir='ltr'>ad</span> <span class='ocrx_word' id='word_1_201' title='bbox 992 3692 1190 3738; x_wconf 75' lang='lat' dir='ltr'>Marcellianum:</span> 
     </span>
     <span class='ocr_line' id='line_1_26' title="bbox 115 3778 1191 3840; baseline -0.006 -12"><span class='ocrx_word' id='word_1_202' title='bbox 115 3781 338 3840; x_wconf 79' lang='lat' dir='ltr'>„Caesariannrum</span> <span class='ocrx_word' id='word_1_203' title='bbox 357 3781 456 3827; x_wconf 86' lang='lat' dir='ltr'>nomine</span> <span class='ocrx_word' id='word_1_204' title='bbox 481 3781 545 3827; x_wconf 85' lang='lat' dir='ltr'>hanc</span> <span class='ocrx_word' id='word_1_205' title='bbox 564 3787 589 3827; x_wconf 84' lang='lat' dir='ltr'>ct</span> <span class='ocrx_word' id='word_1_206' title='bbox 606 3782 667 3827; x_wconf 81' lang='lat' dir='ltr'>duos</span> <span class='ocrx_word' id='word_1_207' title='bbox 686 3795 749 3839; x_wconf 77' lang='lat' dir='ltr'>quos</span> <span class='ocrx_word' id='word_1_208' title='bbox 767 3785 903 3840; x_wconf 83' lang='lat' dir='ltr'>sequuntur</span> <span class='ocrx_word' id='word_1_209' title='bbox 922 3778 1045 3826; x_wconf 79' lang='lat' dir='ltr'>orationes</span> <span class='ocrx_word' id='word_1_210' title='bbox 1063 3778 1191 3837; x_wconf 76' lang='lat' dir='ltr'>appellent</span> 
     </span>
     <span class='ocr_line' id='line_1_27' title="bbox 116 3863 1188 3925; baseline -0.003 -12"><span class='ocrx_word' id='word_1_211' title='bbox 116 3868 211 3914; x_wconf 84' lang='lat' dir='ltr'>Nonius</span> <span class='ocrx_word' id='word_1_212' title='bbox 237 3867 368 3913; x_wconf 81' lang='lat' dir='ltr'>Marcellus</span> <span class='ocrx_word' id='word_1_213' title='bbox 394 3881 418 3924; x_wconf 87' lang='lat' dir='ltr'>p.</span> <span class='ocrx_word' id='word_1_214' title='bbox 437 3868 503 3924; x_wconf 76' lang='grc'><strong>437,</strong></span> <span class='ocrx_word' id='word_1_215' title='bbox 523 3869 546 3914; x_wconf 86' lang='grc'>9.</span> <span class='ocrx_word' id='word_1_216' title='bbox 582 3867 683 3914; x_wconf 79' lang='lat' dir='ltr'>Servius</span> <span class='ocrx_word' id='word_1_217' title='bbox 702 3867 734 3912; x_wconf 83' lang='lat' dir='ltr'>nd</span> <span class='ocrx_word' id='word_1_218' title='bbox 752 3867 827 3925; x_wconf 84' lang='lat' dir='ltr'>Verg.</span> <span class='ocrx_word' id='word_1_219' title='bbox 845 3868 907 3912; x_wconf 83' lang='lat' dir='ltr'>Aen.</span> <span class='ocrx_word' id='word_1_220' title='bbox 927 3865 965 3922; x_wconf 87' lang='lat' dir='ltr'>V,</span> <span class='ocrx_word' id='word_1_221' title='bbox 985 3864 1041 3911; x_wconf 79' lang='grc'><strong>187.</strong></span> <span class='ocrx_word' id='word_1_222' title='bbox 1060 3863 1110 3920; x_wconf 83' lang='grc' dir='ltr'>ΧΙ,</span> <span class='ocrx_word' id='word_1_223' title='bbox 1129 3865 1188 3910; x_wconf 85' lang='grc'><strong>438.</strong></span> 
     </span>
     <span class='ocr_line' id='line_1_28' title="bbox 118 3948 1189 4014; baseline -0.007 -14"><span class='ocrx_word' id='word_1_224' title='bbox 118 3953 208 4014; x_wconf 79' lang='lat' dir='ltr'>Georg.</span> <span class='ocrx_word' id='word_1_225' title='bbox 236 3953 277 4010; x_wconf 90' lang='lat'>11,</span> <span class='ocrx_word' id='word_1_226' title='bbox 306 3955 361 4000; x_wconf 92' lang='grc'><strong>131.</strong></span> <span class='ocrx_word' id='word_1_227' title='bbox 399 3951 512 3998; x_wconf 80' lang='lat' dir='ltr'>Valerius</span> <span class='ocrx_word' id='word_1_228' title='bbox 529 3952 626 4000; x_wconf 86' lang='lat' dir='ltr'>Pr0bus</span> <span class='ocrx_word' id='word_1_229' title='bbox 650 3967 675 4012; x_wconf 90' lang='lat' dir='ltr'>p.</span> <span class='ocrx_word' id='word_1_230' title='bbox 693 3953 773 4010; x_wconf 75' lang='grc'><strong>1411,</strong></span> <span class='ocrx_word' id='word_1_231' title='bbox 801 3953 841 4000; x_wconf 80' lang='grc'>31.</span> <span class='ocrx_word' id='word_1_232' title='bbox 859 3951 886 3997; x_wconf 86' lang='grc' dir='ltr'>Ρ.</span> <span class='ocrx_word' id='word_1_233' title='bbox 924 3950 1005 3998; x_wconf 84' lang='lat' dir='ltr'>Schol.</span> <span class='ocrx_word' id='word_1_234' title='bbox 1023 3948 1117 3995; x_wconf 82' lang='lat' dir='ltr'>Luceni</span> <span class='ocrx_word' id='word_1_235' title='bbox 1133 3948 1189 4006; x_wconf 87' lang='lat' dir='ltr'>Vll,</span> 
     </span>
     <span class='ocr_line' id='line_1_29' title="bbox 117 4041 269 4087; baseline 0.013 -2"><span class='ocrx_word' id='word_1_236' title='bbox 117 4041 172 4087; x_wconf 75' lang='lat'>269.</span> <span class='ocrx_word' id='word_1_237' title='bbox 192 4041 269 4087; x_wconf 77' lang='lat'>313.“</span> 
     </span>
    </p>
   </div>
   <div class='ocr_carea' id='block_1_5' title="bbox 970 4127 987 4179">
    <p class='ocr_par' dir='ltr' id='par_1_7' title="bbox 970 4127 987 4179">
     <span class='ocr_line' id='line_1_30' title="bbox 970 4127 987 4179; baseline 0 0"><span class='ocrx_word' id='word_1_238' title='bbox 970 4127 987 4179; x_wconf 87' lang='grc'><strong>1</strong></span> 
     </span>
    </p>
   </div>
   <div class='ocr_carea' id='block_1_6' title="bbox 0 0 1318 4560">
    <p class='ocr_par' dir='ltr' id='par_1_8' title="bbox 0 0 1318 4560">
     <span class='ocr_line' id='line_1_31' title="bbox 0 0 1318 4560; baseline 0 0"><span class='ocrx_word' id='word_1_239' title='bbox 0 0 1318 4560; x_wconf 95' lang='lat' dir='ltr'> </span> 
     </span>
    </p>
   </div>
  </div>
 </body>
</html>
