2602 4560
502 227 716 293 ..43-

70 387 126 444 has
147 405 249 444 omnes
271 385 390 459 figuras,
409 384 586 463 praesertim
610 405 675 444 oum
699 385 752 445 rix
776 384 892 460 possint
913 391 995 445 eerto
1011 384 1146 444 definite-

18 510 23 518 ‘
71 507 130 568 que
159 488 286 547 discerni
301 487 388 562 ¹²⁶),
420 487 509 546 fieeat
536 507 595 547 una
622 487 672 548 hie
701 488 867 565 complecti.
913 489 958 546 De
980 488 1027 545 his
1048 492 1147 547 autem

70 611 161 667 egere
184 590 289 666 figuris
311 596 455 670 quantum
478 595 596 650 nostrae
618 590 739 651 intersit
761 591 954 671 quaestionis,
976 610 1015 649 ex
1037 609 1072 649 eo
1095 611 1147 667 po·

68 698 130 755 test
156 693 306 768 intellegi,
340 694 420 772 quod
448 693 561 753 nemini
597 694 656 765 iam
685 698 730 753 est
757 695 893 769 ignotum
922 693 1149 753 redundantiam

68 798 220 876 quandam
235 797 395 855 verborum
416 800 447 855 et
468 796 684 856 sententiarum
701 797 780 855 haud
796 796 905 873 exiguo
923 796 1041 855 Asianis
1056 795 1148 854 fuisse

67 897 231 976 opprobrio
244 897 325 971 ¹²⁷).
369 898 438 958 Hue
455 898 575 971 ueeedit,
599 900 678 976 quod
700 898 765 975 ipse
780 899 883 959 Oioero
905 897 1054 975 primitias
1077 917 1146 957 suas

65 1001 261 1079 reprehendit
282 1007 407 1078 propter
427 1001 654 1059 redundantiam
680 1003 827 1080 quandam
850 1001 1023 1074 iuvenilem,
1047 1021 1065 1059 a
1087 1020 1146 1078 qua

66 1108 173 1181 postea
188 1103 318 1162 Molonis¹
341 1102 500 1179 discipline
521 1104 557 1161 ad
579 1103 674 1178 magis
696 1103 840 1164 modicam
862 1104 1008 1162 rationem
1028 1103 1145 1162 dioendi

67 1207 109 1267 sit
138 1204 386 1282 revosetus128).
421 1205 530 1280 ,Quam
559 1206 590 1265 in
620 1226 682 1265 rem
714 1206 801 1265 nobis
831 1204 1054 1287 inquirentibus
1084 1225 1146 1264 non

68 1309 163 1368 solum
184 1308 301 1368 illarum
325 1309 486 1384 figurarum
509 1309 664 1386 exempla,
694 1311 745 1368 sed
769 1309 858 1369 etiam
882 1328 984 1368 omnes
1005 1308 1062 1368 loei
1086 1310 1147 1368 sint

65 1411 253 1488 respioiendi,
276 1411 328 1470 ubi
344 1418 452 1485 orator,
475 1413 512 1471 ad
535 1414 614 1492 quod
638 1413 865 1488 significandum
889 1432 981 1470 unum
1003 1412 1062 1470 iam
1085 1412 1145 1470 suf-

65 1516 170 1574 fieeret
198 1516 339 1588 verbum,
372 1519 471 1574 umen
500 1519 605 1591 utpote
635 1515 762 1589 diligens
791 1515 991 1575 abundantiae
1021 1516 1145 1573 duorum

65 1619 225 1677 verborum
248 1616 438 1693 populatione
460 1617 562 1690 utitur,
587 1625 627 1690 ut,
652 1637 757 1694 rogare
780 1625 810 1678 ot
834 1621 927 1677 orare‘
949 1617 1031 1695 (Div.
1050 1617 1082 1674 in
1103 1616 1141 1679 Q.

66 1722 152 1780 Caso.
170 1720 201 1798 3)
223 1740 279 1797 pro
302 1719 430 1796 simplici
453 1725 505 1779 aut
522 1721 645 1796 rogandi
670 1727 722 1781 eut
736 1723 840 1780 orandi
856 1721 948 1782 verbo
962 1719 1042 1798 ¹²⁹).
1087 1720 1144 1778 His

65 1823 211 1900 expositis
232 1822 300 1899 ipsa
321 1824 528 1898 aggrediamur
549 1824 694 1900 exempla.

151 1927 188 1984 In
211 1926 425 2002 Ligariana
447 1926 597 2000 congeriei
620 1929 695 1986 haee
712 1927 850 2003 exempla
872 1926 1067 1988 inveniuntur
1089 1930 1142 1985 10:

63 2029 81 2108 5
98 2035 116 2087 6
140 2029 348 2087 aelemenliorn
372 2028 570 2088 adornantem
593 2040 678 2107 utque
697 2032 776 2088 omni
795 2031 891 2100 laude,
914 2031 1139 2108 praedieatione,

65 2132 171 2190 litteris
194 2135 434 2208 monumentisque
450 2134 649 2191 decorandam.
700 2139 735 2192 13
762 2135 843 2208 Quod
863 2154 915 2191 nos
935 2136 1057 2210 pelr'rnus
1076 2151 1144 2208 pre·

66 2233 157 2304 eidus,
181 2235 331 2306 lnerr'rnz's,
356 2239 446 2293 strati
465 2237 506 2293 ud
522 2237 619 2311 pedes.
668 2242 707 2295 30
731 2238 858 2307 errauit,
883 2238 982 2313 lapsus
1003 2244 1061 2306 est,
1087 2255 1143 2293 non

63 2338 188 2412 pulerit.
232 2337 275 2395 ib.
300 2357 357 2395 non
372 2336 461 2416 serit,
486 2358 543 2396 non
567 2340 726 2414 eogr'luur't:
743 2338 826 2418 salsi
845 2348 940 2410 testes,
957 2339 1062 2416 fictum
1085 2341 1142 2395 eri-

66 2457 136 2498 nren.
179 2440 219 2500 ib.
242 2441 371 2510 errnor't,
398 2449 500 2497 temere
513 2440 609 2519 seer't,
632 2442 853 2520 paeniter1³⁰).
903 2443 941 2499 27
966 2442 1066 2511 honor,
1092 2459 1142 2498 no·

63 2541 183 2613 lr'lr'les,
217 2543 368 2620 splendor,
401 2545 557 2618 ungentum.
613 2550 631 2602 9
665 2547 741 2619 (lur'd
764 2588 771 2603 .
792 2586 827 2602 ..
854 2555 919 2603 tuus
1023 2544 1142 2621 gladius

62 2644 171 2721 agebat
191 2665 273 2725 e.q.s.
324 2650 361 2704 12
388 2648 484 2704 rludr‘u
511 2650 629 2723 generis
659 2666 693 2705 ue
714 2646 855 2726 surnr'lr'oe
878 2657 988 2705 vestroe
1010 2649 1137 2718 vertentur,

65 2746 273 2818 numanitatis,
308 2749 473 2818 desinenda,
504 2751 697 2827 plurimarum
721 2754 827 2809 ornum
850 2761 934 2828 utque
956 2753 1137 2827 optirnarum.

69 2853 105 2908 18
127 2851 247 2908 sceleris
269 2870 335 2908 vero
358 2854 493 2922 erimine,
517 2851 657 2930 furores,
681 2855 846 2929 parricidii.
895 2857 934 2909 20
958 2855 1140 2929 nequeenim

62 2951 147 3010 laeui!
160 2954 248 3011 elr'ter
264 2963 357 3011 oestro
377 2956 490 3031 generi,
515 2958 634 3026 nomrnr',
651 2955 801 3034 familiae,
826 2955 1005 3031 deserplr'nne.
1051 2956 1140 3014 Prae·

62 3062 147 3114 terea
167 3056 241 3116 haee
262 3056 477 3116 redundantiae
499 3059 637 3134 exempla
660 3065 678 3117 4
702 3059 751 3118 rel
775 3063 809 3119 5:
832 3057 849 3137 S
869 3063 882 3117 1
907 3077 1008 3116 nouum
1032 3059 1139 3116 erirnen

63 3167 93 3215 el
118 3199 125 3214 .
148 3198 156 3214 .
176 3198 183 3214 .
207 3177 263 3217 non
291 3163 432 3218 nuditum.
480 3160 512 3237 (2
544 3163 699 3236 r'rrlegrr'tus
729 3179 765 3218 oe
786 3161 893 3239 fides.)
940 3167 976 3220 13
1008 3158 1140 3218 acerbius

63 3261 206 3337 multoque
225 3272 270 3320 erl
290 3264 403 3322 drurr'us.
454 3268 490 3323 16
513 3263 648 3342 refellere
670 3274 699 3322 et
719 3267 905 3340 redarguere.
954 3270 994 3322 34
1023 3282 1140 3321 eonsen-

62 3382 124 3422 sum
148 3366 358 3442 eonspri’untern
380 3386 416 3424 oe
434 3386 528 3445 poene
550 3369 713 3447 conflatum.

133 3497 193 3566 126)
210 3502 267 3561 lpse
285 3502 454 3562 Quintilianus
472 3503 576 3562 v111,4‚
592 3505 623 3551 27
642 3503 703 3569 haee
721 3503 793 3550 dicit:
811 3503 888 3550 simale
905 3510 940 3550 est
956 3505 1000 3552 noe
1018 3502 1061 3571 (se.
1081 3519 1138 3552 con·

61 3587 143 3647 gorius
169 3587 304 3634 verborum
329 3603 357 3635 ae
375 3590 552 3636 sententiarum
576 3589 642 3636 idem
659 3589 860 3653 significantium)
876 3591 975 3650 figurae
992 3607 1064 3650 quom
1083 3605 1138 3641 ouu-

61 3667 202 3737 αθροισμὸν
220 3678 319 3720 vocant.
349 3675 380 3720 of.
399 3674 472 3721 etiam
491 3674 675 3722 Volkmannum
693 3676 709 3722 l.
723 3676 739 3722 l.
758 3690 781 3735 p.
796 3677 844 3723 401
860 3691 897 3736 sq.

132 3756 192 3823 121)
211 3759 287 3807 (iuius
304 3760 341 3807 rsi
358 3766 443 3808 vetera
459 3760 600 3807 testimonia
617 3760 783 3820 Landgraflus
800 3762 924 3822 congessit
941 3763 957 3808 l.
970 3765 986 3810 1.
1005 3777 1029 3822 pr
1044 3765 1067 3810 8.

132 3843 192 3907 128)
209 3845 279 3892 Brut.
298 3846 313 3906 ξ
332 3850 390 3894 316.

132 3928 193 3995 129)
211 3931 291 3990 Quam
309 3933 376 3979 viam
394 3939 451 3980 ante
470 3947 509 3979 me
526 3933 653 3993 ingressus
671 3937 709 3980 est
725 3933 897 3993 Landgraflus.

132 4013 193 4080 130)
212 4018 329 4067 Omnium
354 4021 427 4068 huius
451 4021 602 4081 paragraphi
620 4023 787 4081 exemplorum
807 4023 874 4068 nulla
892 4023 995 4068 forsitan
1014 4023 1076 4070 ratio
1094 4023 1137 4069 lra-

61 4100 143 4151 benda
160 4105 200 4163 sit,
218 4105 276 4153 vide
293 4120 368 4166 supra
385 4121 411 4166 p.
423 4110 448 4155 6.
