<?xml version="1.0" encoding="UTF-8"?>
<!DOCTYPE html PUBLIC "-//W3C//DTD XHTML 1.0 Transitional//EN"
    "http://www.w3.org/TR/xhtml1/DTD/xhtml1-transitional.dtd">
<html xmlns="http://www.w3.org/1999/xhtml" xml:lang="en" lang="en">
 <head>
  <title>
</title>
<meta http-equiv="Content-Type" content="text/html;charset=utf-8" />
  <meta name='ocr-system' content='tesseract 3.04.00' />
  <meta name='ocr-capabilities' content='ocr_page ocr_carea ocr_par ocr_line ocrx_word'/>
</head>
<body>
  <div class='ocr_page' id='page_1' title='image "./deearumquaevoca01guttgoog_0076.png"; bbox 0 0 2602 4560; ppageno 0'>
   <div class='ocr_carea' id='block_1_1' title="bbox 528 203 742 268">
    <p class='ocr_par' dir='ltr' id='par_1_1' title="bbox 528 203 742 268">
     <span class='ocr_line' id='line_1_1' title="bbox 528 203 742 268; baseline 0 -19"><span class='ocrx_word' id='word_1_1' title='bbox 528 203 742 268; x_wconf 72' lang='grc'>..67-</span> 
     </span>
    </p>
   </div>
   <div class='ocr_carea' id='block_1_2' title="bbox 80 356 1175 3843">
    <p class='ocr_par' dir='ltr' id='par_1_2' title="bbox 89 356 1172 1258">
     <span class='ocr_line' id='line_1_2' title="bbox 89 356 1171 442; baseline 0.008 -28"><span class='ocrx_word' id='word_1_2' title='bbox 89 356 157 419; x_wconf 89' lang='lat' dir='ltr'><strong>loco</strong></span> <span class='ocrx_word' id='word_1_3' title='bbox 180 357 428 433; x_wconf 68' lang='lat' dir='ltr'><strong>segisamam</strong></span> <span class='ocrx_word' id='word_1_4' title='bbox 450 356 708 434; x_wconf 76' lang='lat' dir='ltr'><strong>dicitnrgladius,</strong></span> <span class='ocrx_word' id='word_1_5' title='bbox 731 360 782 439; x_wconf 91' lang='lat' dir='ltr'><strong>qui</strong></span> <span class='ocrx_word' id='word_1_6' title='bbox 806 360 915 436; x_wconf 82' lang='lat' dir='ltr'><strong>vagina</strong></span> <span class='ocrx_word' id='word_1_7' title='bbox 937 361 1020 442; x_wconf 84' lang='lat' dir='ltr'><strong>quasi</strong></span> <span class='ocrx_word' id='word_1_8' title='bbox 1043 362 1171 423; x_wconf 86' lang='lat' dir='ltr'><strong>vinculis</strong></span> 
     </span>
     <span class='ocr_line' id='line_1_3' title="bbox 91 460 1171 541; baseline 0.003 -19"><span class='ocrx_word' id='word_1_9' title='bbox 91 481 144 523; x_wconf 90' lang='lat' dir='ltr'><strong>seu</strong></span> <span class='ocrx_word' id='word_1_10' title='bbox 174 480 294 521; x_wconf 75' lang='lat' dir='ltr'><strong>cmoere</strong></span> <span class='ocrx_word' id='word_1_11' title='bbox 323 460 467 520; x_wconf 88' lang='lat' dir='ltr'><strong>liberatus</strong></span> <span class='ocrx_word' id='word_1_12' title='bbox 496 460 628 520; x_wconf 78' lang='lat' dir='ltr'><strong>exsultet</strong></span> <span class='ocrx_word' id='word_1_13' title='bbox 657 466 808 541; x_wconf 75' lang='lat' dir='ltr'><strong>tamquam</strong></span> <span class='ocrx_word' id='word_1_14' title='bbox 838 468 868 524; x_wconf 90' lang='lat' dir='ltr'><strong>et</strong></span> <span class='ocrx_word' id='word_1_15' title='bbox 897 463 930 522; x_wconf 90' lang='lat' dir='ltr'><strong>in</strong></span> <span class='ocrx_word' id='word_1_16' title='bbox 959 465 1048 524; x_wconf 88' lang='lat' dir='ltr'><strong>caede</strong></span> <span class='ocrx_word' id='word_1_17' title='bbox 1070 484 1171 525; x_wconf 85' lang='lat' dir='ltr'><strong>verse·</strong></span> 
     </span>
     <span class='ocr_line' id='line_1_4' title="bbox 90 563 1170 642; baseline 0.001 -15"><span class='ocrx_word' id='word_1_18' title='bbox 90 563 233 642; x_wconf 59' lang='lat' dir='ltr'><strong>tatur).</strong></span> <span class='ocrx_word' id='word_1_19' title='bbox 278 563 438 623; x_wconf 84' lang='lat' dir='ltr'><strong>Praeterea</strong></span> <span class='ocrx_word' id='word_1_20' title='bbox 468 569 567 624; x_wconf 84' lang='lat' dir='ltr'><strong>orator</strong></span> <span class='ocrx_word' id='word_1_21' title='bbox 596 564 629 622; x_wconf 90' lang='lat' dir='ltr'><strong>in</strong></span> <span class='ocrx_word' id='word_1_22' title='bbox 651 564 789 638; x_wconf 84' lang='lat' dir='ltr'><strong>eligendo</strong></span> <span class='ocrx_word' id='word_1_23' title='bbox 811 566 958 626; x_wconf 85' lang='lat' dir='ltr'><strong>vocabulo</strong></span> <span class='ocrx_word' id='word_1_24' title='bbox 980 568 1106 627; x_wconf 81' lang='lat' dir='ltr'><strong>fortmee</strong></span> <span class='ocrx_word' id='word_1_25' title='bbox 1129 569 1170 628; x_wconf 86' lang='lat' dir='ltr'><strong>al·</strong></span> 
     </span>
     <span class='ocr_line' id='line_1_5' title="bbox 89 665 1171 745; baseline 0.002 -17"><span class='ocrx_word' id='word_1_26' title='bbox 89 665 285 730; x_wconf 87' lang='lat' dir='ltr'><strong>litterationis</strong></span> <span class='ocrx_word' id='word_1_27' title='bbox 308 667 436 745; x_wconf 90' lang='lat' dir='ltr'><strong>quodam</strong></span> <span class='ocrx_word' id='word_1_28' title='bbox 458 667 556 726; x_wconf 88' lang='lat' dir='ltr'><strong>studio</strong></span> <span class='ocrx_word' id='word_1_29' title='bbox 580 668 741 727; x_wconf 81' lang='lat' dir='ltr'><strong>ducebatur</strong></span> <span class='ocrx_word' id='word_1_30' title='bbox 764 671 883 744; x_wconf 71' lang='lat' dir='ltr'><strong>‘vagetra</strong></span> <span class='ocrx_word' id='word_1_31' title='bbox 905 687 1030 729; x_wconf 84' lang='lat' dir='ltr'><strong>vacuam</strong></span> <span class='ocrx_word' id='word_1_32' title='bbox 1050 713 1058 728; x_wconf 87' lang='lat'><strong>.</strong></span> <span class='ocrx_word' id='word_1_33' title='bbox 1075 713 1082 728; x_wconf 90' lang='lat'><strong>.</strong></span> <span class='ocrx_word' id='word_1_34' title='bbox 1099 713 1107 729; x_wconf 84' lang='lat'><strong>.</strong></span> <span class='ocrx_word' id='word_1_35' title='bbox 1127 674 1171 730; x_wconf 83' lang='lat' dir='ltr'><strong>si-</strong></span> 
     </span>
     <span class='ocr_line' id='line_1_6' title="bbox 90 768 1168 846; baseline 0.003 -16"><span class='ocrx_word' id='word_1_36' title='bbox 90 769 208 843; x_wconf 81' lang='lat' dir='ltr'><strong>dimas&#39;,</strong></span> <span class='ocrx_word' id='word_1_37' title='bbox 241 771 284 830; x_wconf 90' lang='lat' dir='ltr'><strong>sio</strong></span> <span class='ocrx_word' id='word_1_38' title='bbox 314 775 349 828; x_wconf 88' lang='lat' dir='ltr'><strong>ut</strong></span> <span class='ocrx_word' id='word_1_39' title='bbox 376 770 408 828; x_wconf 90' lang='lat' dir='ltr'><strong>in</strong></span> <span class='ocrx_word' id='word_1_40' title='bbox 438 768 518 829; x_wconf 90' lang='lat' dir='ltr'><strong>Phil.</strong></span> <span class='ocrx_word' id='word_1_41' title='bbox 540 769 614 842; x_wconf 75' lang='lat' dir='ltr'><strong>XII,</strong></span> <span class='ocrx_word' id='word_1_42' title='bbox 640 774 657 826; x_wconf 93' lang='lat'><em>8</em></span> <span class='ocrx_word' id='word_1_43' title='bbox 687 770 738 829; x_wconf 91' lang='lat' dir='ltr'><strong>illo</strong></span> <span class='ocrx_word' id='word_1_44' title='bbox 770 775 863 831; x_wconf 86' lang='lat' dir='ltr'><strong>‘casta</strong></span> <span class='ocrx_word' id='word_1_45' title='bbox 890 790 1037 832; x_wconf 82' lang='lat' dir='ltr'><strong>seruere</strong></span> <span class='ocrx_word' id='word_1_46' title='bbox 1065 773 1168 846; x_wconf 74' lang='lat' dir='ltr'><strong>orbilr&#39;,</strong></span> 
     </span>
     <span class='ocr_line' id='line_1_7' title="bbox 92 870 1171 954; baseline 0.004 -22"><span class='ocrx_word' id='word_1_47' title='bbox 92 875 173 954; x_wconf 89' lang='lat' dir='ltr'><strong>quod</strong></span> <span class='ocrx_word' id='word_1_48' title='bbox 205 891 296 949; x_wconf 88' lang='lat' dir='ltr'><strong>supra</strong></span> <span class='ocrx_word' id='word_1_49' title='bbox 324 871 405 931; x_wconf 83' lang='lat' dir='ltr'><strong>inter</strong></span> <span class='ocrx_word' id='word_1_50' title='bbox 434 870 662 932; x_wconf 84' lang='lat' dir='ltr'><strong>allitteratioaes</strong></span> <span class='ocrx_word' id='word_1_51' title='bbox 694 874 864 934; x_wconf 82' lang='lat' dir='ltr'><strong>attulimus:</strong></span> <span class='ocrx_word' id='word_1_52' title='bbox 898 875 1072 953; x_wconf 85' lang='lat' dir='ltr'><strong>praesertim</strong></span> <span class='ocrx_word' id='word_1_53' title='bbox 1104 897 1171 936; x_wconf 88' lang='lat' dir='ltr'><strong>cum</strong></span> 
     </span>
     <span class='ocr_line' id='line_1_8' title="bbox 92 974 1170 1057; baseline 0.002 -21"><span class='ocrx_word' id='word_1_54' title='bbox 92 976 165 1036; x_wconf 86' lang='lat' dir='ltr'><strong>alibi</strong></span> <span class='ocrx_word' id='word_1_55' title='bbox 193 993 313 1056; x_wconf 86' lang='lat' dir='ltr'><strong>quoque</strong></span> <span class='ocrx_word' id='word_1_56' title='bbox 341 975 373 1032; x_wconf 90' lang='lat' dir='ltr'><strong>in</strong></span> <span class='ocrx_word' id='word_1_57' title='bbox 403 976 460 1034; x_wconf 90' lang='lat' dir='ltr'><strong>hac</strong></span> <span class='ocrx_word' id='word_1_58' title='bbox 482 974 616 1034; x_wconf 89' lang='lat' dir='ltr'><strong>oratione</strong></span> <span class='ocrx_word' id='word_1_59' title='bbox 646 975 706 1036; x_wconf 89' lang='lat' dir='ltr'><strong>tale</strong></span> <span class='ocrx_word' id='word_1_60' title='bbox 727 977 843 1038; x_wconf 81' lang='lat' dir='ltr'><strong>eluceat</strong></span> <span class='ocrx_word' id='word_1_61' title='bbox 865 979 1008 1052; x_wconf 90' lang='lat' dir='ltr'><strong>studium,</strong></span> <span class='ocrx_word' id='word_1_62' title='bbox 1040 977 1170 1057; x_wconf 73' lang='grc'><strong>111512</strong></span> 
     </span>
     <span class='ocr_line' id='line_1_9' title="bbox 90 1077 1172 1159; baseline -0.001 -19"><span class='ocrx_word' id='word_1_63' title='bbox 90 1081 246 1141; x_wconf 78' lang='lat' dir='ltr'><strong>victoribus</strong></span> <span class='ocrx_word' id='word_1_64' title='bbox 268 1080 376 1137; x_wconf 76' lang='lat' dir='ltr'><strong>vicisse</strong></span> <span class='ocrx_word' id='word_1_65' title='bbox 396 1078 517 1136; x_wconf 77' lang='lat' dir='ltr'><strong>videras.</strong></span> <span class='ocrx_word' id='word_1_66' title='bbox 562 1077 636 1137; x_wconf 91' lang='lat' dir='ltr'>ibid.</span> <span class='ocrx_word' id='word_1_67' title='bbox 664 1082 809 1138; x_wconf 84' lang='lat' dir='ltr'><strong>vietors&#39;ue</strong></span> <span class='ocrx_word' id='word_1_68' title='bbox 838 1081 968 1139; x_wconf 79' lang='lat' dir='ltr'><strong>condicio</strong></span> <span class='ocrx_word' id='word_1_69' title='bbox 995 1085 1098 1159; x_wconf 83' lang='lat' dir='ltr'><strong>visque</strong></span> <span class='ocrx_word' id='word_1_70' title='bbox 1125 1081 1172 1139; x_wconf 82' lang='lat' dir='ltr'><strong>de-</strong></span> 
     </span>
     <span class='ocr_line' id='line_1_10' title="bbox 90 1180 1015 1258; baseline 0.002 -16"><span class='ocrx_word' id='word_1_71' title='bbox 90 1187 171 1243; x_wconf 78' lang='lat' dir='ltr'><strong>victo</strong></span> <span class='ocrx_word' id='word_1_72' title='bbox 194 1191 247 1240; x_wconf 86' lang='lat' dir='ltr'><strong>est.</strong></span> <span class='ocrx_word' id='word_1_73' title='bbox 296 1180 312 1258; x_wconf 69' lang='grc'>5</span> <span class='ocrx_word' id='word_1_74' title='bbox 332 1186 372 1239; x_wconf 88' lang='grc'><strong>24</strong></span> <span class='ocrx_word' id='word_1_75' title='bbox 396 1189 475 1239; x_wconf 85' lang='lat' dir='ltr'><strong>tuate</strong></span> <span class='ocrx_word' id='word_1_76' title='bbox 496 1183 657 1241; x_wconf 83' lang='lat' dir='ltr'><strong>animorum</strong></span> <span class='ocrx_word' id='word_1_77' title='bbox 679 1183 785 1242; x_wconf 83' lang='lat' dir='ltr'><strong>ardore</strong></span> <span class='ocrx_word' id='word_1_78' title='bbox 807 1192 837 1241; x_wconf 86' lang='lat' dir='ltr'><strong>et</strong></span> <span class='ocrx_word' id='word_1_79' title='bbox 857 1202 1015 1244; x_wconf 82' lang='lat' dir='ltr'><strong>armorum.</strong></span> 
     </span>
    </p>

    <p class='ocr_par' dir='ltr' id='par_1_3' title="bbox 89 1284 1171 1759">
     <span class='ocr_line' id='line_1_11' title="bbox 177 1284 1170 1364; baseline 0.006 -20"><span class='ocrx_word' id='word_1_80' title='bbox 177 1285 262 1351; x_wconf 78' lang='lat' dir='ltr'><strong>Quae</strong></span> <span class='ocrx_word' id='word_1_81' title='bbox 277 1284 377 1349; x_wconf 88' lang='lat' dir='ltr'><strong>omnia</strong></span> <span class='ocrx_word' id='word_1_82' title='bbox 398 1302 578 1363; x_wconf 86' lang='lat' dir='ltr'><strong>quamquam</strong></span> <span class='ocrx_word' id='word_1_83' title='bbox 600 1290 715 1343; x_wconf 89' lang='lat' dir='ltr'><strong>tantum</strong></span> <span class='ocrx_word' id='word_1_84' title='bbox 738 1286 830 1359; x_wconf 83' lang='lat' dir='ltr'><strong>abest,</strong></span> <span class='ocrx_word' id='word_1_85' title='bbox 853 1292 887 1346; x_wconf 87' lang='lat' dir='ltr'><strong>ut</strong></span> <span class='ocrx_word' id='word_1_86' title='bbox 908 1293 1068 1364; x_wconf 86' lang='lat' dir='ltr'><strong>propterea</strong></span> <span class='ocrx_word' id='word_1_87' title='bbox 1091 1290 1170 1350; x_wconf 89' lang='lat' dir='ltr'><strong>hunc</strong></span> 
     </span>
     <span class='ocr_line' id='line_1_12' title="bbox 92 1384 1171 1469; baseline 0.004 -21"><span class='ocrx_word' id='word_1_88' title='bbox 92 1390 259 1450; x_wconf 87' lang='lat' dir='ltr'><strong>orationem</strong></span> <span class='ocrx_word' id='word_1_89' title='bbox 283 1384 507 1463; x_wconf 89' lang='lat' dir='ltr'><strong>suppositiciam</strong></span> <span class='ocrx_word' id='word_1_90' title='bbox 532 1387 687 1459; x_wconf 88' lang='lat' dir='ltr'><strong>ducamus,</strong></span> <span class='ocrx_word' id='word_1_91' title='bbox 719 1394 811 1448; x_wconf 91' lang='lat' dir='ltr'><strong>utne</strong></span> <span class='ocrx_word' id='word_1_92' title='bbox 833 1388 863 1446; x_wconf 92' lang='lat' dir='ltr'><strong>id</strong></span> <span class='ocrx_word' id='word_1_93' title='bbox 887 1390 1008 1469; x_wconf 89' lang='lat' dir='ltr'><strong>quidem</strong></span> <span class='ocrx_word' id='word_1_94' title='bbox 1029 1394 1171 1452; x_wconf 88' lang='lat' dir='ltr'><strong>conceda·</strong></span> 
     </span>
     <span class='ocr_line' id='line_1_13' title="bbox 90 1487 1168 1554; baseline 0.002 -2"><span class='ocrx_word' id='word_1_95' title='bbox 90 1514 157 1553; x_wconf 90' lang='lat' dir='ltr'><strong>mus</strong></span> <span class='ocrx_word' id='word_1_96' title='bbox 184 1491 224 1553; x_wconf 91' lang='lat' dir='ltr'><strong>iis</strong></span> <span class='ocrx_word' id='word_1_97' title='bbox 253 1489 393 1550; x_wconf 91' lang='lat' dir='ltr'><strong>commoti</strong></span> <span class='ocrx_word' id='word_1_98' title='bbox 416 1487 635 1546; x_wconf 79' lang='lat' dir='ltr'><strong>Marcellianum</strong></span> <span class='ocrx_word' id='word_1_99' title='bbox 664 1509 682 1546; x_wconf 87' lang='lat' dir='ltr'><strong>a</strong></span> <span class='ocrx_word' id='word_1_100' title='bbox 703 1490 844 1550; x_wconf 79' lang='lat' dir='ltr'><strong>Cicerone</strong></span> <span class='ocrx_word' id='word_1_101' title='bbox 866 1493 902 1550; x_wconf 92' lang='lat' dir='ltr'><strong>ad</strong></span> <span class='ocrx_word' id='word_1_102' title='bbox 926 1492 1086 1553; x_wconf 89' lang='lat' dir='ltr'><strong>aditionem</strong></span> <span class='ocrx_word' id='word_1_103' title='bbox 1109 1514 1168 1554; x_wconf 94' lang='lat' dir='ltr'><strong>non</strong></span> 
     </span>
     <span class='ocr_line' id='line_1_14' title="bbox 90 1590 1171 1675; baseline 0.001 -21"><span class='ocrx_word' id='word_1_104' title='bbox 90 1600 297 1673; x_wconf 86' lang='lat' dir='ltr'><strong>praeparatam</strong></span> <span class='ocrx_word' id='word_1_105' title='bbox 321 1609 401 1662; x_wconf 88' lang='lat' dir='ltr'><strong>esse,</strong></span> <span class='ocrx_word' id='word_1_106' title='bbox 434 1596 532 1648; x_wconf 88' lang='lat' dir='ltr'><strong>tamen</strong></span> <span class='ocrx_word' id='word_1_107' title='bbox 555 1590 585 1647; x_wconf 91' lang='lat' dir='ltr'><strong>id</strong></span> <span class='ocrx_word' id='word_1_108' title='bbox 609 1598 688 1651; x_wconf 88' lang='lat' dir='ltr'><strong>certe</strong></span> <span class='ocrx_word' id='word_1_109' title='bbox 710 1593 888 1668; x_wconf 91' lang='lat' dir='ltr'><strong>impedient,</strong></span> <span class='ocrx_word' id='word_1_110' title='bbox 920 1595 1079 1675; x_wconf 90' lang='lat' dir='ltr'><strong>quominus</strong></span> <span class='ocrx_word' id='word_1_111' title='bbox 1101 1597 1171 1656; x_wconf 89' lang='lat' dir='ltr'><strong>huic</strong></span> 
     </span>
     <span class='ocr_line' id='line_1_15' title="bbox 89 1693 860 1759; baseline -0.004 0"><span class='ocrx_word' id='word_1_112' title='bbox 89 1698 220 1759; x_wconf 85' lang='lat' dir='ltr'><strong>orationi</strong></span> <span class='ocrx_word' id='word_1_113' title='bbox 243 1696 362 1755; x_wconf 82' lang='lat' dir='ltr'><strong>Atticae</strong></span> <span class='ocrx_word' id='word_1_114' title='bbox 386 1693 524 1754; x_wconf 87' lang='lat' dir='ltr'><strong>dictionis</strong></span> <span class='ocrx_word' id='word_1_115' title='bbox 546 1693 664 1753; x_wconf 87' lang='lat' dir='ltr'><strong>leudem</strong></span> <span class='ocrx_word' id='word_1_116' title='bbox 686 1696 860 1756; x_wconf 85' lang='lat' dir='ltr'><strong>tribuamus.</strong></span> 
     </span>
    </p>

    <p class='ocr_par' dir='ltr' id='par_1_4' title="bbox 179 1798 1143 1878">
     <span class='ocr_line' id='line_1_16' title="bbox 179 1798 1143 1878; baseline 0.002 -18"><span class='ocrx_word' id='word_1_117' title='bbox 179 1799 266 1864; x_wconf 80' lang='lat' dir='ltr'><strong>Quod</strong></span> <span class='ocrx_word' id='word_1_118' title='bbox 286 1799 429 1858; x_wconf 89' lang='lat' dir='ltr'><strong>iudicium</strong></span> <span class='ocrx_word' id='word_1_119' title='bbox 452 1798 676 1856; x_wconf 87' lang='lat' dir='ltr'><strong>confirmabitur</strong></span> <span class='ocrx_word' id='word_1_120' title='bbox 699 1805 851 1875; x_wconf 82' lang='lat' dir='ltr'><strong>troporum</strong></span> <span class='ocrx_word' id='word_1_121' title='bbox 875 1801 1143 1878; x_wconf 85' lang='lat' dir='ltr'><strong>contemplatione:</strong></span> 
     </span>
    </p>

    <p class='ocr_par' dir='ltr' id='par_1_5' title="bbox 80 1901 1175 3843">
     <span class='ocr_line' id='line_1_17' title="bbox 178 1901 1169 1982; baseline 0.002 -21"><span class='ocrx_word' id='word_1_122' title='bbox 178 1903 195 1982; x_wconf 69' lang='lat'>5</span> <span class='ocrx_word' id='word_1_123' title='bbox 214 1908 232 1961; x_wconf 93' lang='grc'><strong>2</strong></span> <span class='ocrx_word' id='word_1_124' title='bbox 255 1906 284 1960; x_wconf 84' lang='lat' dir='ltr'><strong>iu</strong></span> <span class='ocrx_word' id='word_1_125' title='bbox 300 1909 399 1959; x_wconf 82' lang='lat' dir='ltr'><strong>uestro</strong></span> <span class='ocrx_word' id='word_1_126' title='bbox 416 1909 507 1956; x_wconf 87' lang='lat' dir='ltr'><strong>uetere</strong></span> <span class='ocrx_word' id='word_1_127' title='bbox 526 1901 672 1958; x_wconf 84' lang='lat' dir='ltr'><strong>curricula</strong></span> <span class='ocrx_word' id='word_1_128' title='bbox 694 1935 736 1944; x_wconf 86' lang='lat'><strong>--</strong></span> <span class='ocrx_word' id='word_1_129' title='bbox 759 1905 845 1978; x_wconf 75' lang='lat' dir='ltr'><strong>quaesi</strong></span> <span class='ocrx_word' id='word_1_130' title='bbox 863 1905 982 1978; x_wconf 82' lang='lat' dir='ltr'><strong>quodum</strong></span> <span class='ocrx_word' id='word_1_131' title='bbox 997 1908 1077 1963; x_wconf 86' lang='lat' dir='ltr'><strong>sosio</strong></span> <span class='ocrx_word' id='word_1_132' title='bbox 1092 1926 1111 1965; x_wconf 86' lang='lat' dir='ltr'><strong>a</strong></span> <span class='ocrx_word' id='word_1_133' title='bbox 1127 1925 1169 1964; x_wconf 84' lang='lat' dir='ltr'><strong>rae</strong></span> 
     </span>
     <span class='ocr_line' id='line_1_18' title="bbox 88 2003 1170 2080; baseline -0.002 -10"><span class='ocrx_word' id='word_1_134' title='bbox 88 2018 117 2070; x_wconf 90' lang='lat' dir='ltr'><strong>et</strong></span> <span class='ocrx_word' id='word_1_135' title='bbox 139 2008 242 2068; x_wconf 83' lang='lat' dir='ltr'><strong>comite</strong></span> <span class='ocrx_word' id='word_1_136' title='bbox 263 2005 412 2062; x_wconf 81' lang='lat' dir='ltr'><strong>dr&#39;structo.</strong></span> <span class='ocrx_word' id='word_1_137' title='bbox 460 2003 500 2062; x_wconf 90' lang='lat' dir='ltr'><strong>ib.</strong></span> <span class='ocrx_word' id='word_1_138' title='bbox 532 2003 604 2060; x_wconf 83' lang='lat' dir='ltr'><strong>raibi</strong></span> <span class='ocrx_word' id='word_1_139' title='bbox 629 2022 706 2060; x_wconf 77' lang='lat' dir='ltr'><strong>sacae</strong></span> <span class='ocrx_word' id='word_1_140' title='bbox 725 2007 869 2080; x_wconf 79' lang='lat' dir='ltr'><strong>prrstr&#39;uae</strong></span> <span class='ocrx_word' id='word_1_141' title='bbox 892 2008 967 2064; x_wconf 86' lang='lat' dir='ltr'><strong>uitae</strong></span> <span class='ocrx_word' id='word_1_142' title='bbox 989 2011 1170 2069; x_wconf 79' lang='lat' dir='ltr'><strong>eorrsuetudi·</strong></span> 
     </span>
     <span class='ocr_line' id='line_1_19' title="bbox 89 2105 1169 2187; baseline -0.003 -15"><span class='ocrx_word' id='word_1_143' title='bbox 89 2131 152 2172; x_wconf 84' lang='lat' dir='ltr'><strong>aeru</strong></span> <span class='ocrx_word' id='word_1_144' title='bbox 169 2107 356 2168; x_wconf 72' lang='lat' dir='ltr'><strong>abtcrclusum</strong></span> <span class='ocrx_word' id='word_1_145' title='bbox 374 2107 524 2181; x_wconf 81' lang='lat' dir='ltr'><strong>upereeisti.</strong></span> <span class='ocrx_word' id='word_1_146' title='bbox 563 2106 605 2163; x_wconf 91' lang='lat' dir='ltr'><strong>ib.</strong></span> <span class='ocrx_word' id='word_1_147' title='bbox 628 2107 668 2160; x_wconf 77' lang='lat' dir='ltr'><strong>ar!</strong></span> <span class='ocrx_word' id='word_1_148' title='bbox 684 2105 752 2163; x_wconf 85' lang='lat' dir='ltr'><strong>berre</strong></span> <span class='ocrx_word' id='word_1_149' title='bbox 768 2108 941 2180; x_wconf 84' lang='lat' dir='ltr'><strong>sperandam</strong></span> <span class='ocrx_word' id='word_1_150' title='bbox 958 2112 1044 2184; x_wconf 82' lang='lat' dir='ltr'><strong>quasi</strong></span> <span class='ocrx_word' id='word_1_151' title='bbox 1056 2112 1169 2187; x_wconf 71' lang='lat' dir='ltr'><strong>sigum</strong></span> 
     </span>
     <span class='ocr_line' id='line_1_20' title="bbox 89 2205 1170 2292; baseline -0.004 -17"><span class='ocrx_word' id='word_1_152' title='bbox 89 2214 210 2292; x_wconf 80' lang='lat' dir='ltr'><strong>aliquod</strong></span> <span class='ocrx_word' id='word_1_153' title='bbox 230 2209 384 2268; x_wconf 76' lang='lat' dir='ltr'><strong>sustulisti.</strong></span> <span class='ocrx_word' id='word_1_154' title='bbox 429 2205 445 2284; x_wconf 70' lang='grc'>5</span> <span class='ocrx_word' id='word_1_155' title='bbox 464 2213 482 2264; x_wconf 85' lang='grc'><strong>4</strong></span> <span class='ocrx_word' id='word_1_156' title='bbox 503 2208 614 2284; x_wconf 26' lang='lat' dir='ltr'><strong>„flamen</strong></span> <span class='ocrx_word' id='word_1_157' title='bbox 639 2209 757 2282; x_wconf 72' lang='lat' dir='ltr'><strong>eugenii.</strong></span> <span class='ocrx_word' id='word_1_158' title='bbox 804 2206 820 2284; x_wconf 68' lang='grc' dir='ltr'><strong>ς</strong></span> <span class='ocrx_word' id='word_1_159' title='bbox 839 2213 856 2265; x_wconf 82' lang='grc'><strong><em>5</em></strong></span> <span class='ocrx_word' id='word_1_160' title='bbox 880 2227 932 2266; x_wconf 86' lang='lat' dir='ltr'><strong>nec</strong></span> <span class='ocrx_word' id='word_1_161' title='bbox 954 2229 1021 2267; x_wconf 87' lang='lat' dir='ltr'><strong>uero</strong></span> <span class='ocrx_word' id='word_1_162' title='bbox 1044 2213 1170 2271; x_wconf 73' lang='grc'><strong>111111111-</strong></span> 
     </span>
     <span class='ocr_line' id='line_1_21' title="bbox 89 2308 1167 2390; baseline -0.004 -13"><span class='ocrx_word' id='word_1_163' title='bbox 89 2320 217 2377; x_wconf 78' lang='lat' dir='ltr'><strong>tissr&#39;ruus</strong></span> <span class='ocrx_word' id='word_1_164' title='bbox 246 2322 342 2371; x_wconf 84' lang='lat' dir='ltr'><strong>terras</strong></span> <span class='ocrx_word' id='word_1_165' title='bbox 371 2313 456 2368; x_wconf 85' lang='lat' dir='ltr'><strong>eitr&#39;us</strong></span> <span class='ocrx_word' id='word_1_166' title='bbox 482 2308 617 2387; x_wconf 72' lang='lat' dir='ltr'><strong>pessulus</strong></span> <span class='ocrx_word' id='word_1_167' title='bbox 648 2312 813 2387; x_wconf 88' lang='lat' dir='ltr'><strong>cuiusquam</strong></span> <span class='ocrx_word' id='word_1_168' title='bbox 841 2312 971 2386; x_wconf 75' lang='lat' dir='ltr'><strong>putruisse</strong></span> <span class='ocrx_word' id='word_1_169' title='bbox 997 2318 1167 2390; x_wconf 77' lang='lat' dir='ltr'><strong>peragrari,</strong></span> 
     </span>
     <span class='ocr_line' id='line_1_22' title="bbox 88 2412 1167 2501; baseline -0.004 -21"><span class='ocrx_word' id='word_1_170' title='bbox 88 2439 173 2501; x_wconf 83' lang='lat' dir='ltr'><strong>quam</strong></span> <span class='ocrx_word' id='word_1_171' title='bbox 197 2420 255 2478; x_wconf 83' lang='lat' dir='ltr'><strong>tuis</strong></span> <span class='ocrx_word' id='word_1_172' title='bbox 276 2436 333 2475; x_wconf 84' lang='lat' dir='ltr'><strong>aaa</strong></span> <span class='ocrx_word' id='word_1_173' title='bbox 356 2415 447 2472; x_wconf 71' lang='lat' dir='ltr'><strong>dream</strong></span> <span class='ocrx_word' id='word_1_174' title='bbox 470 2412 621 2481; x_wconf 81' lang='lat' dir='ltr'><strong>cursibus,</strong></span> <span class='ocrx_word' id='word_1_175' title='bbox 654 2413 704 2469; x_wconf 83' lang='lat' dir='ltr'><strong>sed</strong></span> <span class='ocrx_word' id='word_1_176' title='bbox 732 2415 880 2484; x_wconf 77' lang='lat' dir='ltr'><strong>uictorias,</strong></span> <span class='ocrx_word' id='word_1_177' title='bbox 913 2415 1056 2474; x_wconf 81' lang='lat' dir='ltr'><strong>lustratae</strong></span> <span class='ocrx_word' id='word_1_178' title='bbox 1082 2428 1167 2476; x_wconf 85' lang='lat' dir='ltr'><strong>sunt:</strong></span> 
     </span>
     <span class='ocr_line' id='line_1_23' title="bbox 89 2516 1170 2604; baseline -0.005 -20"><span class='ocrx_word' id='word_1_179' title='bbox 89 2527 165 2604; x_wconf 87' lang='lat' dir='ltr'><strong>(qua</strong></span> <span class='ocrx_word' id='word_1_180' title='bbox 191 2519 357 2599; x_wconf 84' lang='lat' dir='ltr'><strong>hyperbole</strong></span> <span class='ocrx_word' id='word_1_181' title='bbox 387 2538 457 2576; x_wconf 91' lang='lat' dir='ltr'><strong>num</strong></span> <span class='ocrx_word' id='word_1_182' title='bbox 487 2516 558 2597; x_wconf 91' lang='lat' dir='ltr'><strong>quid</strong></span> <span class='ocrx_word' id='word_1_183' title='bbox 586 2517 763 2576; x_wconf 83' lang='lat' dir='ltr'><strong>successerit</strong></span> <span class='ocrx_word' id='word_1_184' title='bbox 785 2522 885 2576; x_wconf 88' lang='lat' dir='ltr'><strong>orator</strong></span> <span class='ocrx_word' id='word_1_185' title='bbox 906 2536 946 2576; x_wconf 87' lang='lat' dir='ltr'><strong>ex</strong></span> <span class='ocrx_word' id='word_1_186' title='bbox 967 2538 1020 2578; x_wconf 92' lang='lat' dir='ltr'><strong>suo</strong></span> <span class='ocrx_word' id='word_1_187' title='bbox 1043 2519 1170 2599; x_wconf 91' lang='lat' dir='ltr'><strong>quisque</strong></span> 
     </span>
     <span class='ocr_line' id='line_1_24' title="bbox 91 2618 1175 2700; baseline -0.009 -13"><span class='ocrx_word' id='word_1_188' title='bbox 91 2625 258 2687; x_wconf 81' lang='lat' dir='ltr'><strong>sciscitatur</strong></span> <span class='ocrx_word' id='word_1_189' title='bbox 275 2621 385 2698; x_wconf 87' lang='lat' dir='ltr'><strong>sensu).</strong></span> <span class='ocrx_word' id='word_1_190' title='bbox 431 2618 482 2697; x_wconf 74' lang='lat'><strong>§6</strong></span> <span class='ocrx_word' id='word_1_191' title='bbox 507 2624 543 2677; x_wconf 81' lang='lat' dir='ltr'><strong>irs</strong></span> <span class='ocrx_word' id='word_1_192' title='bbox 566 2621 682 2678; x_wconf 85' lang='lat' dir='ltr'><strong>armis</strong></span> <span class='ocrx_word' id='word_1_193' title='bbox 704 2620 825 2677; x_wconf 85' lang='lat' dir='ltr'><strong>militam</strong></span> <span class='ocrx_word' id='word_1_194' title='bbox 849 2621 951 2690; x_wconf 84' lang='lat' dir='ltr'><strong>uirtus,</strong></span> <span class='ocrx_word' id='word_1_195' title='bbox 977 2621 1103 2680; x_wconf 86' lang='lat' dir='ltr'><strong>locorum</strong></span> <span class='ocrx_word' id='word_1_196' title='bbox 1120 2643 1175 2700; x_wconf 65' lang='lat' dir='ltr'><strong>op-,</strong></span> 
     </span>
     <span class='ocr_line' id='line_1_25' title="bbox 91 2722 1170 2807; baseline -0.003 -21"><span class='ocrx_word' id='word_1_197' title='bbox 91 2731 272 2807; x_wconf 77' lang='lat' dir='ltr'><strong>portunitas,</strong></span> <span class='ocrx_word' id='word_1_198' title='bbox 306 2724 420 2783; x_wconf 78' lang='lat' dir='ltr'><strong>astuitia</strong></span> <span class='ocrx_word' id='word_1_199' title='bbox 443 2724 584 2780; x_wconf 81' lang='lat' dir='ltr'><strong>sesrbram</strong></span> <span class='ocrx_word' id='word_1_200' title='bbox 609 2740 692 2801; x_wconf 86' lang='lat' dir='ltr'><strong>e.q.s.</strong></span> <span class='ocrx_word' id='word_1_201' title='bbox 717 2722 833 2779; x_wconf 85' lang='lat' dir='ltr'><strong>multum</strong></span> <span class='ocrx_word' id='word_1_202' title='bbox 857 2723 966 2779; x_wconf 81' lang='lat' dir='ltr'><strong>iurent.</strong></span> <span class='ocrx_word' id='word_1_203' title='bbox 1013 2722 1066 2800; x_wconf 78' lang='lat'><strong>§9</strong></span> <span class='ocrx_word' id='word_1_204' title='bbox 1095 2728 1170 2782; x_wconf 84' lang='lat' dir='ltr'><strong>eius-</strong></span> 
     </span>
     <span class='ocr_line' id='line_1_26' title="bbox 94 2823 1169 2901; baseline -0.006 -11"><span class='ocrx_word' id='word_1_205' title='bbox 94 2832 173 2890; x_wconf 84' lang='lat' dir='ltr'><strong>modi</strong></span> <span class='ocrx_word' id='word_1_206' title='bbox 190 2849 236 2888; x_wconf 85' lang='lat' dir='ltr'><strong>res</strong></span> <span class='ocrx_word' id='word_1_207' title='bbox 258 2831 342 2887; x_wconf 77' lang='lat' dir='ltr'><strong>etrum</strong></span> <span class='ocrx_word' id='word_1_208' title='bbox 357 2845 418 2883; x_wconf 85' lang='lat' dir='ltr'><strong>oum</strong></span> <span class='ocrx_word' id='word_1_209' title='bbox 436 2826 583 2901; x_wconf 79' lang='lat' dir='ltr'><strong>leguntur,</strong></span> <span class='ocrx_word' id='word_1_210' title='bbox 603 2824 733 2899; x_wconf 78' lang='lat' dir='ltr'><strong>obstrepi</strong></span> <span class='ocrx_word' id='word_1_211' title='bbox 747 2823 873 2880; x_wconf 83' lang='lat' dir='ltr'><strong>claruere</strong></span> <span class='ocrx_word' id='word_1_212' title='bbox 890 2823 1010 2881; x_wconf 86' lang='lat' dir='ltr'><strong>militam</strong></span> <span class='ocrx_word' id='word_1_213' title='bbox 1029 2826 1169 2884; x_wconf 83' lang='lat' dir='ltr'><strong>uideatur.</strong></span> 
     </span>
     <span class='ocr_line' id='line_1_27' title="bbox 93 2926 1169 3015; baseline -0.007 -21"><span class='ocrx_word' id='word_1_214' title='bbox 93 2936 110 3015; x_wconf 82' lang='lat'>§</span> <span class='ocrx_word' id='word_1_215' title='bbox 132 2940 168 2994; x_wconf 90' lang='lat'><strong>10</strong></span> <span class='ocrx_word' id='word_1_216' title='bbox 196 2935 341 3012; x_wconf 74' lang='lat' dir='ltr'><strong>parietes,</strong></span> <span class='ocrx_word' id='word_1_217' title='bbox 367 2949 409 2986; x_wconf 87' lang='lat' dir='ltr'><strong>me</strong></span> <span class='ocrx_word' id='word_1_218' title='bbox 432 2931 508 2985; x_wconf 79' lang='lat' dir='ltr'><strong>Heus</strong></span> <span class='ocrx_word' id='word_1_219' title='bbox 530 2928 645 2998; x_wconf 74' lang='lat' dir='ltr'><strong>Fabius,</strong></span> <span class='ocrx_word' id='word_1_220' title='bbox 681 2936 713 2983; x_wconf 87' lang='lat' dir='ltr'><strong>ut</strong></span> <span class='ocrx_word' id='word_1_221' title='bbox 735 2926 806 2983; x_wconf 84' lang='lat' dir='ltr'><strong>ratbi</strong></span> <span class='ocrx_word' id='word_1_222' title='bbox 827 2926 939 2984; x_wconf 75' lang='lat' dir='ltr'><strong>eruetur</strong></span> <span class='ocrx_word' id='word_1_223' title='bbox 962 2928 1046 2985; x_wconf 81' lang='lat' dir='ltr'><strong>buius</strong></span> <span class='ocrx_word' id='word_1_224' title='bbox 1069 2931 1169 2986; x_wconf 79' lang='lat' dir='ltr'><strong>currite</strong></span> 
     </span>
     <span class='ocr_line' id='line_1_28' title="bbox 91 3029 1168 3116; baseline -0.008 -17"><span class='ocrx_word' id='word_1_225' title='bbox 91 3038 148 3099; x_wconf 82' lang='lat' dir='ltr'><strong>tibi</strong></span> <span class='ocrx_word' id='word_1_226' title='bbox 167 3039 291 3116; x_wconf 72' lang='lat' dir='ltr'><strong>gratius</strong></span> <span class='ocrx_word' id='word_1_227' title='bbox 322 3053 410 3110; x_wconf 85' lang='lat' dir='ltr'><strong>agere</strong></span> <span class='ocrx_word' id='word_1_228' title='bbox 437 3033 575 3108; x_wconf 77' lang='lat' dir='ltr'><strong>gestiant.</strong></span> <span class='ocrx_word' id='word_1_229' title='bbox 631 3029 646 3106; x_wconf 63' lang='grc' dir='ltr'><strong>ς</strong></span> <span class='ocrx_word' id='word_1_230' title='bbox 671 3035 706 3088; x_wconf 93' lang='grc'><strong>12</strong></span> <span class='ocrx_word' id='word_1_231' title='bbox 739 3032 887 3089; x_wconf 83' lang='lat' dir='ltr'><strong>uictoriam</strong></span> <span class='ocrx_word' id='word_1_232' title='bbox 920 3033 1023 3089; x_wconf 81' lang='lat' dir='ltr'><strong>or&#39;cr&#39;sse</strong></span> <span class='ocrx_word' id='word_1_233' title='bbox 1054 3032 1168 3090; x_wconf 73' lang='lat' dir='ltr'><strong>ruderis.</strong></span> 
     </span>
     <span class='ocr_line' id='line_1_29' title="bbox 90 3134 1169 3222; baseline -0.01 -20"><span class='ocrx_word' id='word_1_234' title='bbox 90 3142 107 3222; x_wconf 80' lang='lat'>§</span> <span class='ocrx_word' id='word_1_235' title='bbox 131 3147 168 3202; x_wconf 84' lang='lat'><strong>14</strong></span> <span class='ocrx_word' id='word_1_236' title='bbox 191 3159 252 3201; x_wconf 84' lang='lat' dir='ltr'><strong>mse</strong></span> <span class='ocrx_word' id='word_1_237' title='bbox 276 3137 398 3196; x_wconf 83' lang='lat' dir='ltr'><strong>coasilia</strong></span> <span class='ocrx_word' id='word_1_238' title='bbox 417 3137 501 3212; x_wconf 76' lang='lat' dir='ltr'><strong>puers</strong></span> <span class='ocrx_word' id='word_1_239' title='bbox 522 3143 552 3191; x_wconf 86' lang='lat' dir='ltr'><strong>et</strong></span> <span class='ocrx_word' id='word_1_240' title='bbox 575 3141 660 3208; x_wconf 75' lang='lat' dir='ltr'><strong>togae</strong></span> <span class='ocrx_word' id='word_1_241' title='bbox 681 3135 772 3204; x_wconf 86' lang='lat' dir='ltr'><strong>socia,</strong></span> <span class='ocrx_word' id='word_1_242' title='bbox 800 3153 856 3192; x_wconf 79' lang='lat' dir='ltr'><strong>aare</strong></span> <span class='ocrx_word' id='word_1_243' title='bbox 879 3134 950 3192; x_wconf 85' lang='lat' dir='ltr'><strong>belli</strong></span> <span class='ocrx_word' id='word_1_244' title='bbox 970 3143 1055 3211; x_wconf 87' lang='lat' dir='ltr'><strong>atque</strong></span> <span class='ocrx_word' id='word_1_245' title='bbox 1075 3155 1169 3193; x_wconf 82' lang='lat' dir='ltr'><strong>araro-</strong></span> 
     </span>
     <span class='ocr_line' id='line_1_30' title="bbox 89 3237 1169 3320; baseline -0.006 -16"><span class='ocrx_word' id='word_1_246' title='bbox 89 3264 165 3305; x_wconf 84' lang='lat' dir='ltr'><strong>ruar.</strong></span> <span class='ocrx_word' id='word_1_247' title='bbox 200 3242 228 3320; x_wconf 83' lang='lat'>§</span> <span class='ocrx_word' id='word_1_248' title='bbox 252 3242 286 3300; x_wconf 88' lang='grc'><strong>17</strong></span> <span class='ocrx_word' id='word_1_249' title='bbox 318 3259 365 3298; x_wconf 89' lang='lat' dir='ltr'><strong>eos</strong></span> <span class='ocrx_word' id='word_1_250' title='bbox 388 3239 496 3298; x_wconf 82' lang='lat' dir='ltr'><strong>Martis</strong></span> <span class='ocrx_word' id='word_1_251' title='bbox 520 3240 562 3296; x_wconf 86' lang='lat' dir='ltr'><strong>uis</strong></span> <span class='ocrx_word' id='word_1_252' title='bbox 583 3237 724 3314; x_wconf 84' lang='lat' dir='ltr'><strong>perculit,</strong></span> <span class='ocrx_word' id='word_1_253' title='bbox 749 3257 805 3295; x_wconf 79' lang='lat' dir='ltr'><strong>riou</strong></span> <span class='ocrx_word' id='word_1_254' title='bbox 829 3239 876 3294; x_wconf 83' lang='lat' dir='ltr'><strong>ira</strong></span> <span class='ocrx_word' id='word_1_255' title='bbox 900 3239 1049 3295; x_wconf 86' lang='lat' dir='ltr'><strong>uictoriae.</strong></span> <span class='ocrx_word' id='word_1_256' title='bbox 1096 3238 1169 3297; x_wconf 86' lang='lat' dir='ltr'><strong>ibid.</strong></span> 
     </span>
     <span class='ocr_line' id='line_1_31' title="bbox 90 3339 1168 3417; baseline -0.01 -8"><span class='ocrx_word' id='word_1_257' title='bbox 90 3371 128 3409; x_wconf 79' lang='lat' dir='ltr'><strong>es</strong></span> <span class='ocrx_word' id='word_1_258' title='bbox 151 3349 246 3406; x_wconf 86' lang='lat' dir='ltr'><strong>eudem</strong></span> <span class='ocrx_word' id='word_1_259' title='bbox 276 3347 337 3402; x_wconf 80' lang='lat' dir='ltr'><strong>aare</strong></span> <span class='ocrx_word' id='word_1_260' title='bbox 365 3352 515 3401; x_wconf 65' lang='lat' dir='ltr'><strong>censurat</strong></span> <span class='ocrx_word' id='word_1_261' title='bbox 537 3360 607 3417; x_wconf 86' lang='lat' dir='ltr'><strong>quos</strong></span> <span class='ocrx_word' id='word_1_262' title='bbox 632 3350 738 3417; x_wconf 84' lang='lat' dir='ltr'><strong>potest.</strong></span> <span class='ocrx_word' id='word_1_263' title='bbox 782 3339 854 3397; x_wconf 90' lang='lat' dir='ltr'><strong>ibid.</strong></span> <span class='ocrx_word' id='word_1_264' title='bbox 886 3341 972 3397; x_wconf 83' lang='lat' dir='ltr'><strong>nimis</strong></span> <span class='ocrx_word' id='word_1_265' title='bbox 1002 3342 1168 3398; x_wconf 83' lang='lat' dir='ltr'><strong>iracundam</strong></span> 
     </span>
     <span class='ocr_line' id='line_1_32' title="bbox 80 3440 1169 3534; baseline -0.009 -24"><span class='ocrx_word' id='word_1_266' title='bbox 80 3452 219 3534; x_wconf 83' lang='lat' dir='ltr'><strong>saturam</strong></span> <span class='ocrx_word' id='word_1_267' title='bbox 233 3449 332 3527; x_wconf 78' lang='lat' dir='ltr'><strong>sitisse</strong></span> <span class='ocrx_word' id='word_1_268' title='bbox 353 3446 512 3503; x_wconf 81' lang='lat' dir='ltr'><strong>uictoriam.</strong></span> <span class='ocrx_word' id='word_1_269' title='bbox 560 3441 576 3520; x_wconf 82' lang='lat'>§</span> <span class='ocrx_word' id='word_1_270' title='bbox 595 3446 633 3500; x_wconf 87' lang='grc'><strong>23</strong></span> <span class='ocrx_word' id='word_1_271' title='bbox 657 3460 730 3519; x_wconf 83' lang='lat' dir='ltr'><strong>quae</strong></span> <span class='ocrx_word' id='word_1_272' title='bbox 752 3441 865 3517; x_wconf 83' lang='lat' dir='ltr'><strong>dilapsu</strong></span> <span class='ocrx_word' id='word_1_273' title='bbox 888 3445 944 3500; x_wconf 78' lang='lat' dir='ltr'><strong>ebra</strong></span> <span class='ocrx_word' id='word_1_274' title='bbox 966 3440 1169 3522; x_wconf 73' lang='lat' dir='ltr'><strong>diffluxerunt,</strong></span> 
     </span>
     <span class='ocr_line' id='line_1_33' title="bbox 89 3542 1169 3630; baseline -0.011 -14"><span class='ocrx_word' id='word_1_275' title='bbox 89 3556 197 3615; x_wconf 77' lang='lat' dir='ltr'><strong>seueris</strong></span> <span class='ocrx_word' id='word_1_276' title='bbox 219 3551 331 3630; x_wconf 76' lang='lat' dir='ltr'><strong>legebas</strong></span> <span class='ocrx_word' id='word_1_277' title='bbox 354 3546 502 3607; x_wconf 70' lang='lat' dir='ltr'><strong>esurienda</strong></span> <span class='ocrx_word' id='word_1_278' title='bbox 525 3554 600 3603; x_wconf 84' lang='lat' dir='ltr'><strong>saut.</strong></span> <span class='ocrx_word' id='word_1_279' title='bbox 647 3542 721 3623; x_wconf 76' lang='lat'><strong>§24</strong></span> <span class='ocrx_word' id='word_1_280' title='bbox 752 3546 910 3603; x_wconf 82' lang='lat' dir='ltr'><strong>animorum</strong></span> <span class='ocrx_word' id='word_1_281' title='bbox 940 3546 1046 3602; x_wconf 87' lang='lat' dir='ltr'><strong>ardore</strong></span> <span class='ocrx_word' id='word_1_282' title='bbox 1072 3553 1101 3603; x_wconf 87' lang='lat' dir='ltr'><strong>et</strong></span> <span class='ocrx_word' id='word_1_283' title='bbox 1121 3565 1169 3604; x_wconf 88' lang='lat' dir='ltr'><strong>ur·</strong></span> 
     </span>
     <span class='ocr_line' id='line_1_34' title="bbox 89 3647 1169 3730; baseline -0.009 -13"><span class='ocrx_word' id='word_1_284' title='bbox 89 3676 209 3718; x_wconf 81' lang='lat' dir='ltr'><strong>morum.</strong></span> <span class='ocrx_word' id='word_1_285' title='bbox 254 3655 295 3713; x_wconf 93' lang='lat' dir='ltr'><strong>ib.</strong></span> <span class='ocrx_word' id='word_1_286' title='bbox 328 3661 464 3730; x_wconf 86' lang='lat' dir='ltr'><strong>quassata</strong></span> <span class='ocrx_word' id='word_1_287' title='bbox 494 3669 540 3707; x_wconf 87' lang='lat' dir='ltr'><strong>res</strong></span> <span class='ocrx_word' id='word_1_288' title='bbox 559 3647 687 3724; x_wconf 84' lang='lat' dir='ltr'><strong>publiea.</strong></span> <span class='ocrx_word' id='word_1_289' title='bbox 732 3648 773 3706; x_wconf 84' lang='lat' dir='ltr'><strong>ib.</strong></span> <span class='ocrx_word' id='word_1_290' title='bbox 805 3648 948 3724; x_wconf 86' lang='lat' dir='ltr'><strong>multaque</strong></span> <span class='ocrx_word' id='word_1_291' title='bbox 970 3657 1087 3725; x_wconf 82' lang='lat' dir='ltr'><strong>aterque</strong></span> <span class='ocrx_word' id='word_1_292' title='bbox 1109 3650 1169 3707; x_wconf 73' lang='lat' dir='ltr'><strong>aas</strong></span> 
     </span>
     <span class='ocr_line' id='line_1_35' title="bbox 82 3748 1173 3843; baseline -0.014 -22"><span class='ocrx_word' id='word_1_293' title='bbox 82 3761 205 3843; x_wconf 76' lang='lat' dir='ltr'><strong>semet</strong></span> <span class='ocrx_word' id='word_1_294' title='bbox 222 3767 362 3827; x_wconf 84' lang='lat' dir='ltr'><strong>armatas,</strong></span> <span class='ocrx_word' id='word_1_295' title='bbox 388 3753 465 3833; x_wconf 82' lang='lat' dir='ltr'><strong>qaod</strong></span> <span class='ocrx_word' id='word_1_296' title='bbox 482 3754 553 3811; x_wconf 86' lang='lat' dir='ltr'><strong>idem</strong></span> <span class='ocrx_word' id='word_1_297' title='bbox 570 3761 686 3828; x_wconf 75' lang='lat' dir='ltr'><strong>togatas</strong></span> <span class='ocrx_word' id='word_1_298' title='bbox 700 3749 778 3828; x_wconf 76' lang='lat' dir='ltr'><strong>ficri</strong></span> <span class='ocrx_word' id='word_1_299' title='bbox 788 3749 992 3828; x_wconf 75' lang='lat' dir='ltr'><strong>prohibuisset.</strong></span> <span class='ocrx_word' id='word_1_300' title='bbox 1037 3749 1078 3808; x_wconf 90' lang='lat' dir='ltr'><strong>ib.</strong></span> <span class='ocrx_word' id='word_1_301' title='bbox 1102 3748 1173 3818; x_wconf 76' lang='lat' dir='ltr'><strong>belii</strong></span> 
     </span>
    </p>
   </div>
   <div class='ocr_carea' id='block_1_3' title="bbox 90 3901 1168 4054">
    <p class='ocr_par' dir='ltr' id='par_1_6' title="bbox 90 3901 1168 4054">
     <span class='ocr_line' id='line_1_36' title="bbox 162 3901 1168 3976; baseline -0.017 -11"><span class='ocrx_word' id='word_1_302' title='bbox 162 3917 223 3976; x_wconf 78' lang='lat' dir='ltr'><strong>us)</strong></span> <span class='ocrx_word' id='word_1_303' title='bbox 241 3914 297 3960; x_wconf 87' lang='lat' dir='ltr'><strong>Una</strong></span> <span class='ocrx_word' id='word_1_304' title='bbox 314 3907 376 3955; x_wconf 89' lang='lat' dir='ltr'><strong>mibi</strong></span> <span class='ocrx_word' id='word_1_305' title='bbox 393 3906 479 3952; x_wconf 87' lang='lat' dir='ltr'><strong>videor</strong></span> <span class='ocrx_word' id='word_1_306' title='bbox 498 3904 634 3951; x_wconf 87' lang='lat' dir='ltr'><strong>ostendisse</strong></span> <span class='ocrx_word' id='word_1_307' title='bbox 652 3908 677 3950; x_wconf 88' lang='lat' dir='ltr'><strong>et</strong></span> <span class='ocrx_word' id='word_1_308' title='bbox 688 3902 752 3949; x_wconf 87' lang='lat' dir='ltr'><strong>bene</strong></span> <span class='ocrx_word' id='word_1_309' title='bbox 764 3903 853 3949; x_wconf 87' lang='lat' dir='ltr'><strong>Latine</strong></span> <span class='ocrx_word' id='word_1_310' title='bbox 865 3902 973 3948; x_wconf 88' lang='lat' dir='ltr'><strong>locutum</strong></span> <span class='ocrx_word' id='word_1_311' title='bbox 986 3915 1040 3949; x_wconf 89' lang='lat' dir='ltr'><strong>esse</strong></span> <span class='ocrx_word' id='word_1_312' title='bbox 1053 3901 1168 3960; x_wconf 83' lang='lat' dir='ltr'><strong>Tullium,</strong></span> 
     </span>
     <span class='ocr_line' id='line_1_37' title="bbox 90 3988 1168 4054; baseline -0.015 -4"><span class='ocrx_word' id='word_1_313' title='bbox 90 4017 147 4051; x_wconf 89' lang='lat' dir='ltr'><strong>cnm</strong></span> <span class='ocrx_word' id='word_1_314' title='bbox 173 4002 235 4050; x_wconf 84' lang='lat' dir='ltr'><strong>hacc</strong></span> <span class='ocrx_word' id='word_1_315' title='bbox 261 3997 421 4054; x_wconf 77' lang='lat' dir='ltr'><strong>coniungeret</strong></span> <span class='ocrx_word' id='word_1_316' title='bbox 447 3990 548 4049; x_wconf 75' lang='lat' dir='ltr'><strong>‘sagias</strong></span> <span class='ocrx_word' id='word_1_317' title='bbox 574 3989 687 4038; x_wconf 81' lang='lat' dir='ltr'><strong>vacuum’</strong></span> <span class='ocrx_word' id='word_1_318' title='bbox 708 3994 738 4041; x_wconf 65' lang='lat' dir='ltr'><strong>,et</strong></span> <span class='ocrx_word' id='word_1_319' title='bbox 764 3989 839 4048; x_wconf 76' lang='lat' dir='ltr'><strong>louge</strong></span> <span class='ocrx_word' id='word_1_320' title='bbox 866 3988 946 4037; x_wconf 78' lang='grc' dir='ltr'><strong>11111ιὶ1</strong></span> <span class='ocrx_word' id='word_1_321' title='bbox 976 3988 1080 4039; x_wconf 76' lang='lat' dir='ltr'><strong>oratoris</strong></span> <span class='ocrx_word' id='word_1_322' title='bbox 1107 3988 1168 4035; x_wconf 85' lang='lat' dir='ltr'><strong>fiaes</strong></span> 
     </span>
    </p>
   </div>
   <div class='ocr_carea' id='block_1_4' title="bbox 90 4102 964 4190">
    <p class='ocr_par' dir='ltr' id='par_1_7' title="bbox 90 4102 964 4190">
     <span class='ocr_line' id='line_1_38' title="bbox 90 4102 964 4190; baseline -0.014 -52"><span class='ocrx_word' id='word_1_323' title='bbox 90 4102 226 4152; x_wconf 77' lang='lat' dir='ltr'><strong>egressum.</strong></span> <span class='ocrx_word' id='word_1_324' title='bbox 943 4153 964 4190; x_wconf 41' lang='grc' dir='ltr'>ὕ</span> 
     </span>
    </p>
   </div>
   <div class='ocr_carea' id='block_1_5' title="bbox 0 0 1306 4560">
    <p class='ocr_par' dir='ltr' id='par_1_8' title="bbox 0 0 1306 4560">
     <span class='ocr_line' id='line_1_39' title="bbox 0 0 1306 4560; baseline 0 0"><span class='ocrx_word' id='word_1_325' title='bbox 0 0 1306 4560; x_wconf 95' lang='lat' dir='ltr'><strong> </strong></span> 
     </span>
    </p>
   </div>
  </div>
 </body>
</html>
