2602 4560
539 207 582 217 ..
625 171 669 236 24
710 208 753 218 .-

106 326 124 406 5
141 333 159 385 4
183 328 222 385 ad
233 336 411 404 praesentem
425 336 539 403 pastum
557 329 748 386 mendicitatis
765 348 844 388 snae.
891 328 908 407 5
929 335 945 389 5
963 322 1030 389 'cum
1047 335 1192 408 optimum

107 433 198 488 uirum
228 432 334 488 incesto
363 449 413 488 ore
444 431 611 488 lacerasset.
658 429 710 508 57
743 451 804 489 cum
836 435 959 491 animum
989 438 1098 492 satrbre
1128 413 1209 493 non*

104 541 219 609 posset,
251 534 350 591 oculos
369 536 486 610 paoerit
506 553 583 591 suos.
631 532 647 611 §
669 539 704 592 10
727 535 843 593 sorbere
864 539 958 594 antino
1063 538 1195 596 bannire

106 638 280 711 cogitatttbnc
384 638 551 712 sangninem
577 620 633 694 ...
660 636 766 695 bibere.
813 636 884 715 511
910 649 992 697 senta
1011 640 1111 715 palma
1136 660 1194 698 nr-

108 738 181 797 bana
203 741 288 797 etnam
311 741 340 797 in
361 739 528 815 gladiatore
549 739 694 819 difficilis.
742 738 816 817 513
846 744 898 819 qui
924 743 978 820 (sc.
1003 743 1037 800 P.
1061 742 1193 821 Decius)

107 844 245 900 marbrum
262 843 392 919 exempla
414 862 585 919 persequens
604 863 661 920 pro
684 843 778 900 alieno
801 862 868 902 aere
889 865 920 902 se
941 844 1059 902 deuouit.
1110 843 1127 922 5
1150 850 1192 904 14

107 963 186 1023 quem
219 945 297 1002 ultae
325 945 455 1002 uideretur
484 946 591 1003 Furiae
620 945 791 1003 debitorum.
843 945 860 1024 5
884 954 923 1006 36
957 966 993 1005 an
1023 956 1120 1005 cetera
1151 969 1194 1006 en

106 1049 199 1106 eodem
223 1048 375 1105 latrocinio
397 1047 557 1125 naufragia
580 1049 740 1125 colligam?

194 1155 247 1210 Ex
269 1154 417 1223 Philipp.
441 1154 519 1213 XII.

193 1253 246 1332 52
276 1273 394 1331 quorum
418 1256 447 1312 in
470 1256 551 1312 uultu
577 1235 712 1313 habitant
732 1256 813 1313 oculi
832 1258 897 1314 mei.
943 1250 995 1334 53
1023 1260 1194 1332 praestrin-

107 1367 194 1415 xerat
222 1359 309 1418 aciem
339 1357 498 1434 animm).
544 1357 597 1436 55
629 1358 757 1416 discussa
787 1367 831 1416 est
859 1359 912 1417 illa
940 1360 1035 1435 caligo
1145 1361 1194 1417 di-

109 1462 194 1519 luorit.
243 1459 294 1538 58
319 1460 461 1536 legionum
487 1480 589 1519 nereos
614 1462 776 1518 incidimus.
822 1461 895 1520 ibid.
918 1463 1052 1519 emendent
1069 1462 1192 1537 gladii:

99 1565 199 1644 fluent
227 1581 309 1620 arma
340 1563 374 1620 de
404 1562 546 1621 enantibus.
593 1563 646 1642 59
677 1564 773 1621 eadem
803 1564 855 1641 (sc.
882 1564 989 1642 Gallio)
1019 1566 1197 1624 crudelitati

108 1669 152 1725 M.
170 1667 284 1724 Arttoni
303 1685 384 1722 suum
409 1675 495 1724 totum
521 1686 624 1743 corpus
647 1667 745 1725 obicit.
781 1665 868 1746 519
891 1670 944 1744 qui
965 1689 1002 1724 eoo
1025 1667 1192 1746 naufragio

110 1769 250 1827 luculenti
276 1771 450 1845 patrimonii
480 1770 520 1826 ad
548 1770 619 1828 baec
651 1773 818 1828 Antoniana
850 1789 923 1828 sana
952 1773 1098 1847 prouectus
1133 1783 1191 1830 cst.

108 1871 181 1950 523
205 1872 305 1950 quibus
327 1874 356 1930 io
380 1873 453 1930 locis
475 1892 540 1930 nuru
563 1876 602 1931 sit
624 1875 760 1931 Lentonis
781 1875 1065 1950 ...·septemoiralis
1088 1883 1194 1932 aucto-

109 1978 195 2033 ritas.
243 1973 319 2052 526
343 1975 486 2056 effrenata
509 1977 654 2034 noblentia.
700 1977 774 2036 ibid.
802 1978 888 2034 Cuius
910 1976 1055 2035 acerbitas
1078 1996 1192 2034 morum

113 2121 169 2136 ...
194 2098 229 2136 ne
252 2079 317 2135 uino
339 2079 450 2155 quedem
470 2080 615 2155 permista
639 2080 797 2156 temperari
816 2080 899 2137 solet.

193 2186 248 2241 lix
269 2185 418 2254 Philipp.
442 2185 538 2242 XIII.

197 2285 249 2364 53
274 2286 327 2343 illa
350 2285 511 2365 oatffragia
536 2287 667 2345 Caesaris
690 2289 857 2344 amicornm.
905 2284 959 2363 55
985 2287 1026 2343 Hi
1045 2287 1075 2342 in
1098 2286 1194 2343 oculis

112 2388 270 2446 haerebunt
282 2399 320 2458 et,
346 2408 408 2445 cum
431 2389 538 2459 licebit,
565 2393 594 2447 in
608 2388 759 2467 faucibus.
807 2390 880 2449 ibid.
906 2387 1008 2466 quibus
1029 2390 1102 2446 enim
1124 2407 1193 2446 sae-

108 2496 169 2571 ptis
200 2501 257 2549 tam
288 2493 425 2548 ominanes
456 2490 555 2548 beluas
587 2489 815 2549 continebimus?
859 2490 914 2569 59
948 2510 1004 2568 qna
1031 2510 1106 2568 poce
1137 2492 1191 2550 Cn.

112 2597 227 2673 Pompei
251 2593 350 2671 filium
385 2592 548 2669 respublica
582 2595 722 2670 adspiciet
753 2613 859 2670 suoque
892 2596 957 2652 sinn
987 2594 1194 2670 complectique

112 2702 242 2777 recipiet.
296 2696 313 2774 5
336 2701 373 2755 18
405 2698 434 2753 in
456 2699 521 2754 sinu
637 2698 737 2754 tenoris
772 2698 894 2755 delectos
919 2739 926 2754 .
948 2739 982 2754 ..
1008 2698 1193 2754 centuriones

116 2799 280 2860 trucidarit.
335 2799 410 2877 520
446 2802 531 2857 totius
561 2799 631 2858 belli
650 2800 794 2879 flactibus
825 2802 986 2858 circumiri.
1039 2798 1110 2856 ibid.
1144 2799 1197 2854 ill'

114 2905 274 2962 exsultanti
295 2912 437 2979 tamquam
452 2903 559 2981 frenos
572 2902 692 2981 furoris
716 2905 823 2961 iru'ccit.
871 2902 948 2980 533
976 2919 1115 2978 praesens
1139 2898 1197 2957 tibi

112 3007 222 3082 etipse
245 3005 360 3074 still,
395 3024 473 3080 quem
497 3009 663 3076 insimulas,
691 2994 781 3082 pugio
804 3003 992 3081 respondebit.
1038 3002 1111 3080 535
1135 3021 1193 3060 non

114 3107 265 3166 Dolabella
289 3109 374 3182 prins
403 3111 573 3184 imperatori
598 3129 650 3167 suo
677 3127 761 3185 quum
784 3109 930 3165 Antonius
952 3108 1037 3164 etiam
1061 3105 1193 3180 collegae

114 3231 184 3269 suae
202 3219 395 3286 parentasset.
444 3207 460 3288 5
481 3215 520 3268 40
544 3229 624 3287 quern
640 3230 693 3286 ego
716 3214 839 3267 inustum
857 3211 1012 3267 verissimis
1028 3207 1192 3265 maledicto-

113 3335 177 3373 rum
200 3317 276 3372 notis
300 3315 413 3371 tradam
430 3314 571 3371 bominum
589 3315 739 3371 mernoriae
753 3315 949 3389 sempiternae.
996 3311 1070 3389 548
1095 3313 1193 3368 oriens

115 3419 273 3475 incendium
291 3419 343 3493 qni
355 3420 575 3492 restinguerent.
620 3418 660 3475 ib.
684 3436 759 3475 nunc
775 3419 804 3474 io
822 3425 930 3473 tantam
945 3417 1094 3494 flammam
1118 3422 1193 3470 tam-

115 3539 167 3598 qnc
190 3522 376 3576 inveteratam
399 3521 566 3577 mittamus?

200 3625 253 3680 Ex
274 3624 422 3691 Philipp.
444 3625 536 3681 XIV.

202 3725 254 3804 56
278 3727 337 3783 nisi
355 3743 503 3781 mucrones
525 3727 610 3783 etebm
634 3735 798 3783 nostrarum
821 3728 939 3784 militum
963 3735 1083 3783 tremere
1104 3725 1191 3782 uultis

186 3879 229 3947 88)
248 3881 323 3928 Curio
341 3881 372 3926 od
391 3880 455 3926 hunc
472 3880 553 3925 locum
571 3892 714 3937 comparare
732 3893 777 3925 nos
794 3878 862 3926 iubct
878 3879 1020 3926 Plautinum
1037 3878 1115 3924 illud:

271 3965 369 4023 ‚Curate
386 3970 413 4011 ut
431 3965 547 4025 splendor
564 3964 597 4012 sit
614 3978 668 4011 mco
686 3965 773 4024 clypeo
806 3968 809 3974 '

327 4058 355 4098 ut
370 4052 537 4112 praestringat
554 4051 681 4099 oculorum
698 4051 776 4100 aciem
793 4051 819 4098 in
837 4051 889 4098 ocio
908 4047 1035 4098 hostibus!
