2602 4560
601 185 813 251 -46-

169 348 276 414 docnt,
302 346 390 402 idem
413 347 598 401 sentiunt.
646 344 713 400 Cum
737 361 832 401 omncs
854 343 918 400 dcco
940 361 988 399 eos
1010 343 1147 420 cnct‘pio,
1183 363 1252 422 quas

169 467 248 507 nemo
271 450 388 505 ciuitate
415 448 518 522 dignos
546 454 642 522 putat.
690 443 772 525 Qraae
801 454 844 502 est
874 446 965 520 igitur
996 447 1025 503 in
1055 447 1151 503 medio
1185 446 1255 505 betti

168 570 255 609 causa
280 552 403 626 posita?
446 549 508 605 Nos
530 549 646 605 deorum
670 548 872 605 immortalium
896 548 1019 622 templu,
1054 567 1108 605 nos
1138 562 1249 621 muros,

168 673 220 712 nos
250 652 453 710 domicilia
482 651 659 727 sedesque
686 639 1015 727 populiliomani,
1050 669 1158 722 aras,
1191 653 1251 730 fo-

168 775 246 825 eos,
278 754 454 831 scpulcra
478 756 675 822 maiorum,·
708 772 760 810 nos
783 753 901 828 leges,
935 752 1098 821 iudicio,
1127 753 1250 812 liber·

169 867 294 927 tatem,
320 858 520 932 coniuges,
544 854 712 926 liberos,
734 857 902 931 putrium
926 854 1121 934 defendimus:
1147 868 1251 916 contra

167 963 209 1020 M.
231 961 376 1018 Antonius
399 958 435 1016 id
455 957 628 1028 molitur,
655 957 694 1015 id
710 967 873 1035 pugnat,
899 967 931 1014 ut
952 957 1023 1015 haec
1045 960 1143 1016 omnia
1163 979 1249 1036 pcr-

168 1062 313 1134 turbet,
338 1070 501 1129 entertat,
524 1060 659 1136 praedam
675 1064 723 1118 rei
739 1060 819 1136 petil.
836 1078 951 1117 carosam
974 1060 1045 1118 belii
1062 1069 1159 1136 putet,
1176 1061 1248 1142 sor-

167 1177 251 1225 tnuas
272 1174 388 1224 nostras
414 1166 552 1242 partim
575 1164 753 1240 dissipet,
784 1165 923 1239 partim
946 1163 1158 1240 dispertiat
1176 1184 1249 1242 par·

165 1271 277 1327 ricidis.
323 1267 385 1336 XI,
410 1271 447 1324 21
480 1268 562 1324 Cum
585 1266 687 1323 consul
707 1265 876 1342 designatus
898 1264 1081 1336 obsideatur,
1114 1285 1195 1324 cum
1219 1271 1248 1326 iu

164 1393 197 1430 eo
221 1371 369 1430 liberando
390 1369 471 1426 salus
492 1371 533 1426 sit
555 1371 652 1445 posita
675 1367 890 1445 reipublicae,
924 1387 996 1426 cum
1019 1386 1037 1424 a
1057 1369 1168 1445 populo
1191 1373 1247 1429 Ito·

166 1493 249 1532 roano
268 1471 453 1551 pestiferi
472 1474 576 1529 cives
596 1473 920 1548 parricidiaeque
942 1473 1133 1542 desciverint,
1168 1493 1247 1531 cum·

165 1598 218 1656 qne
240 1579 270 1634 id
292 1575 426 1633 bellum
446 1593 600 1650 geramus,
634 1592 687 1650 quo
712 1572 813 1632 bello
836 1573 870 1630 de
892 1573 1107 1650 dignitate,
1133 1578 1176 1633 de
1200 1578 1247 1635 ti-

166 1681 328 1748 bertnte,
355 1676 395 1734 de
420 1679 494 1735 uita
516 1679 719 1747 decernamus,
745 1681 772 1734 si
793 1681 823 1735 iu
842 1685 1010 1754 potestatem
1033 1680 1098 1754 quis
1119 1681 1250 1738 Antonii

164 1787 284 1853 venerit,
306 1782 529 1858 propositasint
546 1791 731 1839 tormenta
755 1790 865 1858 atque
887 1783 1100 1850 eruciatus,
1126 1801 1247 1860 eumque

163 1888 266 1945 tortam
288 1903 384 1941 rerum
408 1885 529 1941 omnium
553 1884 709 1942 decertatio
732 1884 896 1943 consulibus
926 1886 1084 1962 optimis
1106 1895 1142 1941 et
1156 1884 1246 1964 sor·

164 1990 329 2046 tissimis
363 1989 555 2043 commissu
590 1996 625 2043 et
654 1987 907 2045 commendata
942 1989 999 2044 sit.-
1133 1988 1247 2048 Confer

163 2091 251 2150 etiam
274 2090 344 2166 imp.
367 2091 472 2166 Pomp.
497 2088 551 2168 §7
577 2096 607 2149 et
629 2091 748 2166 saepius
771 2091 851 2150 alibi.

251 2193 305 2254 His
327 2192 472 2269 expositis
494 2214 554 2253 non
578 2194 699 2266 dubito,
723 2194 795 2272 quin
818 2195 876 2252 iam
901 2195 1038 2252 omnibus
1061 2194 1102 2253 sit
1123 2195 1243 2271 perspi·

163 2317 249 2356 cuum
279 2297 449 2356 Ciceronem
483 2302 599 2357 nostras
632 2298 782 2357 orationes
814 2316 884 2356 vere
915 2298 1030 2356 modico
1059 2302 1169 2355 ornatu
1196 2298 1242 2356 in·

164 2400 270 2458 duisse.
314 2400 453 2459 Fortasse
470 2402 507 2458 de
526 2401 650 2474 singulis
676 2401 852 2478 quibusdam
874 2401 963 2459 rebus
985 2399 1130 2458 nonnullo.
1151 2406 1242 2459 erunt

164 2503 300 2576 dicenda,
333 2503 383 2561 ssd
405 2503 479 2560 haee
501 2503 532 2559 in
555 2508 737 2577 postremum
761 2510 850 2579 caput
871 2522 1069 2575 reservemus,
1099 2522 1182 2562 nunc
1204 2503 1241 2561 od

162 2605 408 2681 compositionem
430 2610 622 2665 transeamus.

615 2858 698 2944 cap.
722 2859 782 2928 IV.

528 2982 581 3032 Dc
600 2983 872 3045 compositione.

246 3118 334 3178 Multi
364 3119 490 3177 fortasse
516 3120 573 3178 hoc
603 3127 692 3196 caput
719 3121 906 3196 ingressuros
935 3140 990 3178 nos
1017 3121 1155 3181 videntes
1183 3140 1237 3180 cx·

160 3223 338 3300 spectabunt
359 3221 488 3297 primum
511 3241 565 3280 nos
587 3223 624 3280 de
646 3223 730 3282 hiatu
754 3223 894 3301 quasdam
919 3222 1143 3282 observationes
1165 3243 1235 3299 pro·

159 3326 272 3384 laturos
294 3344 372 3397 esse,
402 3324 576 3401 pracsertim
600 3344 665 3383 eum
689 3325 792 3385 Cicero
815 3327 898 3386 tenui
921 3327 1032 3386 oratori
1053 3327 1127 3386 haec
1149 3347 1235 3402 prce·

160 3427 272 3502 ceperit
294 3446 335 3485 or.
357 3428 450 3499 §¹172
483 3427 590 3498 ,Verba
620 3431 704 3486 ettam
735 3428 827 3486 verbis
857 3432 943 3505 quasi
962 3437 1165 3505 coagmentare
1186 3449 1236 3488 ue-

156 3529 276 3605 glegat5
309 3527 394 3587 tabet
414 3533 487 3588 enim
511 3532 560 3588 ille
583 3541 725 3608 tamquam
747 3532 844 3589 tactus
866 3541 895 3589 et
915 3551 1071 3590 concursus
1093 3535 1234 3592 vocalium

159 3631 243 3694 molle
269 3632 401 3707 quoddam
431 3641 460 3689 et
481 3635 557 3709 quod
577 3633 684 3691 indicet
713 3654 768 3692 nou
792 3637 940 3709 ingratam
967 3637 1178 3712 neglegentium
1200 3638 1235 3694 de

158 3752 191 3790 re
206 3732 328 3790 hominis
345 3735 437 3810 magis
453 3753 535 3811 quam
554 3737 589 3793 de
607 3734 699 3792 uerbis
720 3736 905 3797 laborantis!
950 3744 994 3798 Ac
1015 3738 1120 3814 procul
1142 3740 1233 3798 dubio

158 3835 272 3894 sicum
295 3835 407 3895 Gracco
430 3836 531 3918 aliquo
554 3844 671 3898 oratore
699 3858 747 3898 res
769 3842 856 3900 nobis
879 3847 971 3914 osset,
1002 3842 1034 3899 in
1063 3843 1141 3901 hanc
1169 3861 1232 3902 rem

158 3957 246 4016 quam
269 3939 398 3998 maxime
426 3940 672 4001 incumberemus.
715 3943 754 4001 In
777 3943 885 4004 Iustino
907 3963 979 4004 vero
1003 3943 1027 4002 si
1051 3947 1118 4023 quis
1141 3965 1232 4024 quac-

157 4045 211 4113 rct,
235 4044 382 4122 quomodo
404 4045 499 4120 possit
519 4045 556 4104 ds
576 4045 631 4106 hoc
647 4066 680 4106 rc
702 4047 869 4123 disceptari,
892 4067 991 4126 noque
1012 4053 1111 4124 aptam
1134 4025 1233 4128 nequis
