2602 4560
546 226 738 288 ‚5-

105 375 176 443 eddi
199 375 390 459 μιμήσασθαι
414 377 517 442 πολλοὶ
540 374 669 456 δύναμιν
689 377 783 458 ἔσχον,
807 372 854 439 ὅτι
875 373 917 456 μὴ
940 372 1032 456 μόνος
1053 372 1182 459 Ἰσοκρά-

106 508 167 563 της.
192 529 199 544 .
224 529 231 544 .
256 530 263 543 .

190 591 301 650 Contra
316 588 421 648 Asiani
444 589 527 661 etii,
551 587 657 668 quiin
681 586 805 646 Graecia
826 587 1001 659 floruerunt,
1024 585 1106 659 etii,
1130 585 1182 666 qui

103 695 172 753 illos
194 695 306 753 Romae
336 696 407 752 sunt
435 691 544 765 seeuti,
576 711 650 767 puro
682 690 872 768 elegantique
902 689 1030 749 sermoni
1054 710 1114 748 non
1136 689 1182 746 ni-

103 797 194 855 mium
223 796 394 855 tribuerunt
407 795 445 871 ⁷).
490 797 591 874 Atque
620 794 667 853 his
698 793 817 873 quidem
840 780 942 852 (licere
973 792 1098 853 restitit:
1131 793 1182 850 sed

102 899 207 975 proonl
229 899 319 957 dubio
343 899 399 956 hae
423 917 542 977 quoque
564 897 598 955 in
619 917 652 956 re
675 897 752 957 sieut
773 896 806 954 in
828 901 892 956 toto
915 915 1025 970 genere
1049 895 1181 954 nondum

102 1002 149 1072 iis,
173 1001 224 1081 qui
247 1000 412 1062 severiores
427 1019 515 1060 verae
538 999 678 1060 diationis
694 999 813 1058 Atticae
828 998 1049 1058 existimatores
1072 1001 1103 1057 et
1115 997 1183 1054 imi-

103 1109 214 1164 tatores
236 1104 433 1176 exstiterunt,
456 1105 647 1180 probabatur.
693 1101 898 1162 Hellmnthius
922 1101 1041 1181 quidem
1065 1099 1181 1159 Oieero·

103 1226 171 1265 nem
200 1211 230 1266 et
257 1207 290 1265 in
311 1206 461 1283 prioribus
492 1206 678 1268 orationibus
704 1205 853 1283 permulta
883 1207 1049 1265 mutuatum
1077 1221 1183 1262 essee

103 1309 222 1385 plebeio
247 1329 383 1369 sermone
405 1329 460 1369 nee
482 1309 514 1368 in
536 1309 752 1385 posterioribus
774 1327 895 1385 prorsus
924 1306 977 1366 tali
999 1306 1116 1366 ratione
1138 1306 1182 1363 di-

105 1412 191 1471 eendi
214 1412 392 1472 abstinuisse
416 1411 639 1472 demonstravit.

188 1516 253 1573 Iam
282 1535 322 1574 ex
343 1514 391 1574 bie
413 1514 492 1574 efflei
521 1520 637 1590 potest,
670 1517 813 1593 quantum
844 1512 934 1573 huius
965 1511 1182 1571 dissertationis

104 1617 225 1677 intersit
246 1618 282 1676 de
305 1616 452 1692 elegantia
464 1617 494 1695 8)
517 1637 660 1697 quaerere
683 1635 783 1676 earum
807 1616 937 1697 quaein
960 1614 1181 1675 contentionem

104 1725 252 1780 vocantur
274 1720 458 1782 orationum:
487 1722 561 1780 adde
584 1722 662 1801 quod
686 1721 793 1779 Caesar
813 1718 846 1777 in
868 1718 964 1794 primo
987 1720 1023 1777 de
1046 1718 1183 1794 analogia

104 1823 181 1883 libro
204 1822 283 1882 dixit
303 1825 463 1885 verborum
487 1825 633 1884 deleatum
656 1822 800 1896 originem
823 1841 887 1881 esse
911 1821 1100 1900 eloquentiae
1129 1821 1180 1896 (ef.

103 1925 164 1984 (lio.
188 1925 269 1985 Brut.
294 1926 379 2003 253).

187 2029 251 2086 Iam
283 2049 356 2108 quas
386 2049 433 2090 res
463 2049 522 2110 qua
550 2028 666 2089 ratione
694 2029 835 2104 indagare
857 2029 984 2088 velimus
1005 2027 1107 2104 paneis
1129 2047 1181 2086 ex·

100 2150 262 2206 ponamus:
286 2132 423 2207 Volgaris
438 2133 584 2193 sermonis
598 2132 726 2207 vestigia
749 2132 800 2192 ubi
817 2131 1016 2204 inveniantur,
1039 2131 1071 2189 in
1086 2131 1182 2191 lueem

102 2235 237 2309 proferre
267 2256 328 2294 non
350 2237 461 2297 nullius
483 2237 541 2297 erit
562 2239 721 2297 momenti:
752 2238 788 2295 ad
819 2256 895 2315 quae
923 2236 1093 2311 indaganda
1120 2255 1181 2294 non

104 2342 162 2410 est,
194 2358 253 2416 quo
284 2338 406 2398 meliore
436 2345 554 2400 utamur
581 2342 654 2400 duee
683 2360 772 2421 quam
795 2340 942 2401 Wdlfflini
972 2339 1179 2400 dissertatione

172 2557 197 2623 7)
215 2561 340 2610 Romanos
358 2567 468 2610 oratores
481 2563 589 2612 Asianos
606 2565 680 2612 etiam
694 2564 790 2626 volgari
803 2564 901 2611 auidam
912 2564 1045 2612 indulsisse
1057 2566 1179 2613 sermonis

105 2648 191 2706 generi
209 2648 283 2694 facile
301 2648 335 2695 sit
351 2649 458 2708 probatu
476 2649 524 2697 nisi
542 2651 591 2697 alia
608 2665 639 2697 ex
657 2665 692 2710 re,
710 2655 819 2698 attamen
837 2664 867 2697 ex
885 2649 981 2697 dnobus
998 2650 1084 2709 primis
1102 2650 1179 2710 ipsius

102 2732 229 2779 Ciceronis
256 2734 414 2782 orationibus.
452 2737 504 2783 Nee
522 2751 571 2784 non
589 2737 669 2797 ipsam
687 2738 733 2784 hae
750 2751 848 2796 quoque
865 2736 891 2783 in
910 2751 937 2784 re
956 2737 1075 2797 praeiisse
1093 2736 1179 2785 Asiam

102 2816 163 2862 mihi
188 2817 287 2876 quidem
312 2819 393 2867 habeo
417 2835 577 2881 persuasum,
604 2823 650 2871 etsi
668 2837 717 2870 non
734 2823 821 2882 primis
838 2823 988 2870 innascentis
1006 2824 1079 2870 modo
1098 2840 1178 2872 novae

104 2902 259 2961 eloquentiae
285 2905 451 2966 temporibus,
480 2911 506 2953 at
523 2907 641 2955 Hortensi
665 2913 730 2956 eerte
754 2912 833 2956 aetate
858 2909 988 2968 paulloqne
1006 2914 1070 2957 ante.
1106 2911 1180 2971 Apud

99 2989 181 3048 ipsum
199 2993 281 3036 autem
299 2991 432 3052 Hegesiam
451 2991 605 3040 notissimum
622 2994 687 3041 illius
706 2994 861 3053 eloquentiae
879 2995 1018 3055 genitorem
1036 2996 1062 3042 in
1081 2997 1111 3045 iis
1125 3001 1177 3058 qui·

100 3074 163 3133 dem,
182 3089 245 3133 quae
263 3076 294 3122 ad
313 3082 423 3124 nostram
441 3081 547 3127 aetatem
565 3080 724 3137 duraverunt,
742 3080 854 3139 reliqniis
868 3081 979 3140 volgaris
992 3084 1113 3132 sermonis
1125 3087 1178 3132 nul-

101 3161 153 3205 lum
171 3161 223 3208 fere
240 3161 382 3211 invenimus
400 3163 542 3224 vestigium,
561 3164 610 3212 nisi
628 3165 676 3212 bno
693 3165 734 3213 vis
747 3167 839 3214 reterre
852 3160 1012 3230 Πιλούμενος
1022 3169 1076 3225 τοῖς
1088 3174 1178 3229 κακοῖς

102 3237 172 3293 etri
192 3241 269 3308 στέαρ
286 3244 335 3309 τῆς
352 3243 482 3312 γαστρός,
501 3263 565 3308 qnae
583 3250 608 3298 in
626 3251 765 3311 fragmento
784 3256 914 3300 exstante
931 3251 1051 3312 Dionysio
1070 3254 1127 3304 Hal.
1147 3257 1177 3304 de

103 3343 185 3389 eomp.
205 3331 273 3378 verb.
294 3336 351 3380 tom.
365 3333 403 3394 V,
421 3349 445 3395 p.
461 3335 511 3383 120
529 3337 559 3382 R.
579 3341 695 3385 servato:
721 3338 787 3385 hune
811 3339 957 3398 plerumque
979 3338 1057 3398 tropis
1082 3343 1177 3388 tantum

102 3414 233 3463 immodice
256 3417 378 3466 cernimus
401 3419 561 3480 gestientem,
587 3421 612 3467 id
638 3423 704 3480 qnod
729 3422 965 3483 eiAgathsrehides
989 3438 1085 3472 summo
1102 3427 1178 3473 vertit

100 3501 249 3562 opprobrio:
276 3516 351 3562 qnare
369 3505 400 3553 de
417 3506 465 3553 hoe
483 3511 553 3555 eante
571 3507 644 3555 modo
662 3509 722 3557 lieet
739 3509 863 3568 iudicare,
884 3524 1033 3569 quemqnam
1051 3524 1101 3558 non
1119 3527 1176 3573 pos·

101 3583 155 3634 suni
173 3603 224 3635 non
242 3589 332 3637 addere
356 3605 395 3638 me
412 3593 459 3639 hae
481 3592 508 3639 in
525 3607 553 3640 re
578 3608 628 3640 non
646 3595 716 3642 floeei
741 3596 836 3654 faeere,
864 3596 930 3655 quod
947 3596 1068 3656 Hegesias
1085 3598 1177 3659 Lysiae

100 3673 189 3720 dieitur
206 3673 316 3721 imitator
333 3675 375 3739 (ef.
393 3675 445 3724 (lie.
464 3678 533 3726 Brut.
554 3677 664 3744 286s87,
682 3696 717 3728 or.
738 3680 815 3746 226),
834 3696 890 3729 eum
907 3682 954 3729 hoo
971 3683 1003 3728 ad
1021 3684 1176 3742 compositio·

100 3774 156 3807 nem
173 3761 412 3822 tantum-pertinere
430 3764 540 3812 Blassius
559 3767 619 3813 mihi
637 3769 794 3828 persuaserit.
832 3768 947 3816 Ceterum
969 3784 1000 3816 ne
1026 3770 1175 3829 posteriores

100 3847 197 3905 quidem
215 3847 322 3894 Asianos
341 3849 452 3896 consulto
470 3864 557 3909 puram
575 3853 763 3912 elegantemque
775 3855 907 3902 dialectum
925 3859 984 3914 puto
997 3856 1175 3915 contempsisse

99 3930 141 3995 (et.
161 3933 307 3980 Mommseni
326 3933 383 3980 hist.
396 3933 468 3982 Rom.
481 3935 531 3982 111⁶
550 3952 575 3997 p.
589 3939 639 3988 578
654 3936 709 4002 sq),
729 3941 772 3987 sed
790 3947 817 3986 ut
835 3940 940 3986 diximus
958 3940 1006 3986 sibi
1025 3944 1120 3987 tantum
1138 3942 1174 3989 in·

18 4063 20 4069 ,
79 4034 83 4039 ·
101 4016 214 4066 duleisse.

169 4099 195 4166 8)
213 4103 238 4149 id
255 4107 294 4152 est
311 4105 341 4153 de
360 4105 482 4155 latinitate
501 4112 526 4156 at
543 4108 724 4171 explanatione,
742 4113 770 4157 ut
787 4110 876 4159 dividit
893 4110 987 4158 Cernis.
1005 4113 1023 4161 l.
1036 4111 1052 4158 l.
