2602 4560
548 228 674 327 *171
720 264 759 274 -

117 382 285 441 nostrarum
308 383 491 458 orationum,
513 383 744 462 complectemur
765 389 857 464 atque
879 403 974 460 panca
993 385 1135 444 addemus
1158 385 1194 443 de

116 487 180 544 toto
203 503 301 558 cursu,
325 488 441 566 qualem
464 489 551 548 nobis
572 489 727 564 fingamus,
751 487 940 567 eloquentiae
963 487 1124 547 Tullianae.

571 843 655 930 (lap.
678 843 739 912 vl.
777 825 782 835 ¹

526 967 783 1030 Epilogus

202 1104 375 1164 Ostendisse
396 1105 484 1165 nobis
504 1106 641 1166 videmur
663 1105 758 1182 primo
789 1112 820 1166 et
842 1106 938 1167 altero
969 1108 1067 1183 capite
1090 1107 1192 1182 purio-

114 1227 179 1268 rem
202 1206 491 1287 elegantioremque,
515 1209 604 1268 tertio
627 1209 725 1268 minus
748 1215 882 1270 ornatum
913 1209 1121 1291 tumidumque
1144 1210 1190 1270 ci-

112 1330 252 1371 ceronem
274 1309 367 1370 fuisse
390 1311 420 1369 in
444 1318 530 1372 oratt.
546 1332 574 1388 p.
592 1311 628 1375 Q.
645 1312 765 1389 Ligario
789 1321 819 1372 et
841 1331 913 1388 rege
936 1313 1077 1372 Deiotaro
1100 1315 1189 1374 habb.

112 1433 204 1494 quam
226 1413 258 1472 in
281 1415 403 1474 ceteris:
427 1416 506 1495 quod
529 1414 553 1473 si
576 1414 783 1491 coniungimus
804 1416 1031 1476 ratiocinatione
1054 1436 1121 1476 cum
1144 1417 1191 1489 iis,

112 1535 193 1596 qnae
218 1516 250 1574 in
273 1517 426 1593 prooemio
450 1518 657 1590 disseruimus,
691 1538 797 1594 nempe
821 1519 845 1576 si
868 1524 982 1578 mutata
1002 1519 1034 1577 in
1057 1520 1105 1578 his
1127 1539 1191 1579 ora·

110 1619 248 1682 tionibus
270 1627 427 1696 appareret
443 1620 594 1681 Ciceronis
617 1621 796 1699 eloquentia,
818 1621 849 1680 id
871 1641 932 1679 non
955 1622 1035 1680 casui
1057 1622 1192 1682 tribuen-

111 1724 184 1782 dum
200 1742 273 1796 esse,
297 1724 348 1782 sed
371 1729 453 1783 certo
476 1724 590 1784 cuidam
615 1724 740 1784 oratoris
764 1724 897 1797 consilio,
920 1724 1032 1782 nemini
1055 1726 1112 1784 iam
1135 1727 1193 1787 erit

113 1826 257 1898 dubium,
289 1826 361 1905 quin
384 1826 499 1886 Tullius
520 1847 574 1903 pro
597 1828 692 1886 salute
714 1846 831 1898 eorum,
860 1846 914 1903 pre
938 1827 1046 1905 quibus
1068 1829 1193 1903 dicebat,

108 1928 229 1989 ratione
243 1928 346 1988 habita
360 1930 432 2002 eius,
456 1931 534 2006 apud
557 1949 644 2008 quem
668 1931 760 1988 verba
780 1929 917 2003 faciebat,
941 1929 1020 1988 aliud
1044 1937 1135 2011 atque
1158 1933 1191 1991 in

112 2052 175 2112 quo
198 2032 427 2106 inveteraverat,
451 2053 545 2107 genus
569 2032 684 2091 dicendi
708 2033 905 2109 appetiverit:
929 2054 982 2093 nee
1004 2040 1102 2110 potest
1117 2035 1191 2094 illud

112 2135 194 2196 aliud
218 2155 312 2211 genus
334 2155 398 2195 esse
420 2136 500 2194 aliud
524 2156 610 2216 quam
629 2137 776 2196 Atticum:
801 2156 877 2215 quae
901 2136 1019 2214 quidem
1044 2139 1192 2198 sententia

111 2244 216 2300 nostm
236 2259 297 2298 non
320 2240 407 2298 modo
430 2259 489 2298 non
513 2245 711 2316 oppugnatur,
734 2240 785 2297 sed
802 2239 1035 2319 aliquaqnidem
1053 2247 1191 2317 exparte

112 2342 308 2402 confirmatur
330 2343 417 2402 etiam
441 2343 493 2414 iis,
516 2361 592 2421 quae
615 2342 646 2400 in
669 2348 776 2422 quarto
799 2343 895 2418 capite
919 2343 954 2401 de
978 2344 1192 2421 compositione

111 2450 200 2507 amnt
221 2445 399 2507 disserenda.

201 2548 307 2610 Voluit
333 2549 427 2626 igitur
448 2553 527 2609 certe
549 2548 652 2608 Cicero
682 2550 713 2607 in
736 2550 784 2609 his
806 2569 883 2630 quae
905 2556 1049 2627 aguntur,
1082 2552 1190 2612 oratio-

113 2652 205 2711 nibus
227 2652 322 2712 videri
346 2653 479 2712 Atticus:
502 2673 582 2712 nnnc
604 2672 676 2711 num
698 2657 778 2732 quod
801 2654 944 2727 voluerit,
968 2656 1007 2714 sit
1029 2662 1189 2730 assecutus,

115 2773 297 2836 quaeramus.
344 2759 442 2834 Atque
453 2756 485 2814 in
499 2755 658 2831 Ligariana
671 2757 757 2832 plane
770 2776 836 2815 eum
847 2757 949 2830 fuisse,
973 2777 1060 2836 quem
1077 2777 1109 2817 se
1124 2779 1188 2818 esse

115 2857 220 2933 voluit,
241 2877 329 2917 nemo
345 2859 393 2932 sit,
418 2859 489 2937 quin
513 2860 655 2918 concedat
677 2859 735 2917 nisi
751 2858 956 2938 iniquissimus
970 2878 1068 2918 rerum
1086 2860 1189 2921 existi-

113 2965 219 3022 mator.
264 2961 365 3021 Minus
386 2962 512 3022 fortasse
535 2982 686 3039 prospere,
710 2962 832 3043 quodsi
855 2969 919 3023 erat
939 2963 1133 3040 propositum,
1156 2964 1189 3023 in

111 3063 156 3125 or.
178 3086 207 3142 p.
230 3064 296 3124 Dei.
319 3065 386 3125 hab.
409 3066 579 3142 peragebat.
624 3068 699 3125 Nam
726 3067 757 3125 in
779 3068 835 3126 hae
858 3087 917 3126 non
940 3088 1097 3145 possumus
1127 3089 1188 3128 non

110 3175 216 3229 notam
239 3172 384 3249 quaedam
406 3174 441 3229 ut
461 3188 564 3245 parum
588 3169 751 3246 elegantia:
775 3172 905 3251 atquae
927 3172 958 3230 in
981 3171 1077 3247 primo
1099 3172 1189 3232 huius

110 3273 330 3334 dissertationis
352 3273 449 3350 eapite
472 3294 510 3332 ex
526 3273 591 3334 Dei.
610 3273 644 3355 ἓξ
664 3281 710 3335 19.
729 3281 777 3336 21.
796 3282 834 3335 26
857 3276 1020 3349 attulimus,
1044 3282 1078 3336 ut
1099 3275 1187 3335 nimis

111 3382 220 3437 ornate
250 3376 331 3453 (vide
362 3397 437 3456 quae
468 3398 529 3455 cap.
546 3380 596 3436 ΙΙΙ
619 3378 674 3456 §3
706 3399 744 3438 ex
771 3379 836 3438 Dei.
861 3378 877 3456 S
899 3385 938 3438 30
971 3380 1005 3456 (s.
1020 3401 1047 3438 v.
1072 3387 1187 3441 eontra·

109 3479 221 3558 posita)
244 3479 262 3559 ξ
281 3484 335 3553 10,
359 3479 376 3559 g
395 3485 433 3539 31
460 3482 496 3560 (s.
511 3504 541 3543 v.
565 3473 782 3559 ὅμοιοτὲλευια)
805 3482 1036 3560 congessimus),
1059 3484 1187 3565 denique

109 3590 144 3643 ut
166 3581 255 3642 nimis
277 3584 459 3644 abundantia
486 3584 567 3662 (vide
590 3604 653 3662 cap.
669 3585 718 3644 III
742 3584 816 3665 St).
862 3591 962 3666 Atque
992 3607 1048 3663 ego
1078 3589 1187 3661 nescio,

109 3707 149 3746 an
171 3687 237 3764 ipse
253 3687 356 3748 Cicero
378 3690 438 3749 tale
455 3688 526 3768 quid
549 3689 676 3749 senserit
698 3690 729 3749 in
752 3690 806 3750 hac
822 3690 956 3750 oratione
979 3710 1039 3750 non
1064 3710 1094 3750 se
1117 3711 1186 3751 oon-

108 3791 232 3865 fecisse,
264 3793 343 3872 quod
367 3792 584 3853 constituisset:
615 3792 687 3853 mihi
710 3792 828 3873 quidem
859 3793 946 3853 otiam
978 3797 1067 3872 atque
1097 3794 1185 3855 etiam

110 3894 213 3971 opinio
243 3896 365 3955 obtrusa
393 3901 438 3955 est
468 3894 549 3953 illam
578 3897 614 3955 sd
638 3895 820 3956 Dolabellam
851 3894 1001 3956 Ciceronis
1029 3896 1186 3973 epistulam

109 3998 158 4073 (ad
173 3998 242 4057 fam.
259 4000 314 4072 IX,
337 4000 385 4076 12)
408 4000 467 4058 huo
482 4017 545 4058 esse
560 4000 753 4073 referendam,
777 3999 827 4060 ubi
851 3998 881 4058 in
905 3998 957 4080 §2
982 4000 1054 4060 haee
1077 4001 1187 4077 scripta

108 4101 265 4162 videntur:
