2602 4560
546 206 758 273 ...27-

116 372 192 428 ruet‘
214 367 265 444 (ib.
283 365 337 442 37)
359 363 434 444 [vid.
458 363 547 424 etiam
570 383 650 440 supr.
674 365 743 423 adn.
764 364 803 422 79
826 385 855 441 p.
877 361 940 442 19].
985 364 1083 423 Unum
1104 363 1190 423 forsi-

116 478 168 531 tan
189 474 282 529 restet
303 469 394 541 locus,
419 467 471 547 qui
492 467 666 542 insignioris
688 486 760 543 prae
783 488 814 528 se
836 468 918 552 ferre·
936 468 1074 528 videatur
1095 473 1190 528 trans·

115 573 236 634 lationis
259 573 403 648 speciem,
426 589 465 628 ex
485 570 662 646 Ligarianao
684 571 736 630 ille
758 573 945 647 paragrapho
969 576 1005 643 9,
1029 570 1080 629 ubi
1102 571 1192 630 etiam

115 675 320 739 Quintilianus
331 674 469 733 audacem
485 673 517 731 in
532 692 633 746 ,sensu
643 679 802 733 armorum‘
817 673 1044 733 translationem
1060 672 1191 732 animad-

114 779 216 839 vertit.
262 777 319 835 Sed
342 776 421 834 hunc
444 794 564 854 quoque
592 781 711 852 tropum
739 776 869 850 benigne
892 795 938 834 me
962 776 1078 835 monuit
1100 775 1192 834 Wila·

114 879 284 942 mowitzius
306 899 341 937 eo
362 877 568 936 mollissimum
590 877 671 950 fieri,
702 879 781 958 quod
805 879 914 938 sensim
936 898 970 938 ac
991 877 1133 954 paulatim
1155 880 1190 937 ad

115 1003 184 1042 eum
212 981 412 1041 ascendimus:
443 999 511 1038 nam
542 980 575 1038 in
596 981 649 1039 illo
680 982 763 1060 ,quid
785 985 855 1040 tuus
877 981 993 1056 gladius
1014 980 1191 1058 agebat‘94)

115 1086 204 1162 plane
233 1083 324 1158 nihil,
355 1083 387 1141 in
409 1083 461 1141 illo
484 1083 578 1156 ,cuius
600 1083 678 1144 latus
700 1084 751 1142 ille
774 1104 874 1144 mucro
896 1086 1041 1160 petebat‘,
1071 1084 1191 1160 paulum

115 1190 271 1248 admodum
301 1187 445 1246 sentimus
467 1186 552 1266 quasi
573 1187 667 1247 vitam
689 1190 720 1247 ct
743 1187 880 1263 spiritum
903 1188 993 1247 armis
1014 1186 1191 1247 adiudicari:

114 1293 157 1353 sic
178 1292 237 1350 iam
260 1310 320 1349 non
341 1290 531 1366 inopinantes
554 1289 749 1366 opprimimur
772 1290 825 1348 illo
848 1291 911 1369 ,qui
934 1309 1038 1349 sensus
1060 1298 1123 1348 erat
1145 1309 1190 1348 ar-

113 1414 229 1453 morum
257 1396 397 1466 tuorum‘,
427 1394 539 1471 quippe
562 1394 641 1471 quod
671 1393 747 1451 nihil
769 1394 850 1452 aliud
873 1393 1078 1468 significatae
1099 1394 1191 1452 verba

112 1497 330 1574 praecedentia.

199 1601 257 1659 His
280 1599 425 1675 expositis
448 1601 472 1658 si
495 1606 571 1677 quae
595 1600 709 1658 duobus
740 1599 787 1658 his
816 1598 920 1674 primis
949 1599 1097 1675 capitibus
1119 1600 1190 1657 effe·

115 1705 216 1776 cimus,
238 1702 470 1778 complectimur,
494 1700 552 1758 iam
575 1701 688 1759 nemini
712 1701 769 1761 erit
791 1701 922 1772 dubium,
945 1701 1019 1780 quin
1034 1702 1135 1761 Cicero
1157 1702 1190 1759 in

113 1807 224 1866 nostris
254 1805 439 1865 orationibus
469 1805 573 1883 utique
604 1805 640 1863 ab
671 1823 720 1877 ea,
755 1823 844 1884 quam
875 1804 1008 1883 alioquin
1039 1805 1189 1876 adamarit,

114 1910 282 1970 elocutione
303 1909 458 1968 recesserit
480 1927 605 1987 eamque
627 1910 664 1966 ad
688 1927 759 1967 sano
773 1912 893 1966 tenuem
909 1909 1055 1986 quendam
1071 1909 1190 1966 modum

112 2013 307 2073 revocaverit.

564 2262 648 2348 Gap.
670 2261 741 2331 ΠΙ.

504 2387 569 2436 Do
597 2385 800 2448 figuris.

202 2534 229 2586 1.
274 2530 322 2586 De
350 2530 600 2599 prosopopoiia
644 2525 717 2584 Cum
745 2526 847 2585 Cicero
869 2526 889 2583 l.
905 2527 925 2584 l.
956 2527 1041 2585 tenui
1069 2525 1188 2598 oratori,

113 2634 149 2689 ut
164 2629 272 2688 ceteris
287 2629 501 2689 sententiarum
518 2629 621 2704 figuris
644 2629 758 2688 modice
781 2633 890 2703 utatur,
914 2631 1064 2702 concedat,
1086 2649 1189 2705 proso-

112 2731 263 2808 popoiiam
286 2752 346 2790 non
369 2732 436 2792 vult
457 2733 494 2790 ab
516 2731 569 2790 illo
592 2731 726 2790 adhiberi
748 2733 822 2791 haec
845 2733 962 2792 dicens:
997 2753 1066 2803 ‚nore
1091 2733 1189 2811 surim
1293 2785 1296 2791 .

112 2833 314 2910 rempublicam
339 2835 496 2911 loquentem
518 2853 569 2891 nec
591 2833 626 2890 ub
649 2833 751 2913 inseris
774 2843 901 2892 rnortcos
923 2834 1085 2893 auersatus
1130 2836 1187 2892 Sed

112 2956 151 2996 ex
172 2936 246 3012 ipsis
267 2936 314 2995 his
336 2919 437 2997 verbis
458 2937 545 2996 facilc
568 2937 691 3012 colliges
712 2957 779 2994 eum
798 2957 859 2995 non
876 2938 975 2996 omnia
989 2958 1024 2996 aa
1040 2937 1187 3013 respicere

111 3038 264 3115 exempla,
294 3059 370 3118 quae
400 3040 629 3116 prosopopoiiae
652 3040 773 3098 nomina
795 3041 929 3100 rhetores
951 3040 1087 3101 solebant
1109 3061 1187 3100 com·

111 3143 218 3220 plecti,
247 3142 298 3200 ubi
321 3143 387 3202 aliis
409 3144 545 3219 personis
567 3148 651 3219 aptas
674 3149 792 3203 nostrae
815 3163 919 3204 causae
941 3149 972 3205 et
992 3145 1188 3220 cogitationes

110 3251 141 3307 st
164 3249 312 3307 orationes
335 3247 536 3322 supponimus,
560 3248 611 3304 sed
627 3265 662 3304 ea
677 3253 802 3320 tantum,
825 3247 876 3306 ubi
899 3249 1044 3306 inanimus
1066 3266 1113 3305 res
1135 3253 1187 3307 aut

110 3369 255 3426 personas
276 3350 423 3408 humanae
445 3351 528 3410 vocis
552 3355 707 3426 expertes,
730 3355 764 3409 ut
787 3351 873 3422 deos,
896 3351 1008 3409 inferos
1030 3351 1187 3428 loquentes

109 3452 259 3526 fingimus.
305 3451 484 3511 Huiusmodi
508 3453 646 3530 exempla
667 3454 698 3511 in
723 3454 832 3512 nostris
855 3473 915 3511 non
937 3458 1055 3513 exstare
1078 3453 1185 3513 oratio-

108 3555 198 3612 nibus
220 3555 274 3615 vix
297 3555 385 3614 debet
407 3557 646 3629 commemorari,
679 3577 745 3616 cum
769 3556 888 3616 omnino
912 3558 989 3632 apud
1013 3556 1185 3615 Ciceronem

109 3677 230 3735 perraro
262 3661 380 3716 tantum
410 3659 484 3717 tales
514 3660 710 3719 inveniantur
738 3660 981 3736 prosopopoiiae,
1013 3664 1047 3719 ut
1073 3679 1112 3718 ex
1139 3659 1185 3732 iis,

110 3761 238 3839 quasin
262 3761 485 3820 contentionem
507 3781 614 3821 vocare
637 3762 766 3821 solemus
789 3763 988 3836 orationibus,
1018 3781 1110 3820 unum
1133 3782 1184 3821 ex-

110 3863 238 3939 emplum
260 3864 407 3940 possimus
430 3845 573 3941 proferre,
597 3866 675 3944 quod
699 3866 880 3942 conspicitur
901 3865 1031 3941 Philipp.
1048 3863 1139 3938 XIII,
1156 3869 1183 3937 6,

184 4081 226 4150 94)
245 4101 294 4134 non
314 4087 392 4148 magis
410 4087 436 4133 in
453 4087 496 4134 illo
515 4093 565 4146 ‚cut
582 4094 625 4134 tua
641 4088 699 4146 quid
718 4087 785 4134 aliud
802 4100 871 4134 arma
889 4089 1037 4136 voluerunt‘.
