2602 4560
581 227 773 292 ..4-

139 400 203 441 esse
225 381 393 455 videamur,
423 382 454 439 id
478 383 557 460 quod
580 383 696 442 desinet
722 383 838 456 mirari,
873 382 923 462 qui
947 382 1028 440 illam
1052 381 1220 440 orationem

139 484 289 543 laudativo
313 483 414 559 generi
447 484 650 545 ascribendam
673 504 738 544 esse
760 484 937 543 meminerit.
982 483 1048 547 Qua
1070 485 1106 542 de
1129 503 1220 543 causa

139 588 216 645 hunc
248 571 422 645 cratonem
443 587 474 644 in
505 587 602 663 capite
634 592 769 663 separato
800 587 1000 646 tractabimus.
1045 588 1219 646 Ceterarum

138 692 236 747 cutem
267 689 433 747 orationum
462 709 556 764 genus
587 689 786 768 disquirentes
814 690 953 747 nimirum
986 690 1018 747 in
1041 689 1132 748 solam
1155 691 1219 748 elo-

48 863 51 870 Ι
139 791 287 850 cntionem
310 793 482 850 incumbere
497 792 646 852 voluimus
658 792 695 869 ὅ),
718 794 751 851 in
774 811 833 870 qua
847 793 1057 867 pertractanda
1080 794 1217 868 eandem,

138 914 197 973 qua
219 899 336 953 veteres
358 895 403 953 usi
427 899 497 954 sunt
518 897 661 968 rhetores,
685 895 862 964 divisionem
881 915 989 971 nempe
1010 895 1158 972 triplicem
1184 897 1218 954 in

138 997 332 1072 elegantium,
363 998 561 1073 dignitatem,
587 998 831 1074 compositionem
845 999 873 1078 6)
905 999 1053 1058 voluimus
1084 1003 1216 1062 subesse.

138 1102 194 1159 His
217 1100 361 1160 absolutis
384 1101 457 1159 illud
481 1103 516 1160 de
539 1102 731 1160 Marcelliuna
754 1107 844 1178 capnt
866 1102 1026 1161 adiciemus
1053 1122 1108 1162 nec
1132 1104 1218 1162 deni-

137 1223 196 1282 que
217 1204 316 1261 facere
338 1203 509 1278 poterimus,
534 1205 607 1283 quin
628 1205 660 1262 in
682 1211 833 1280 postremo
857 1205 954 1281 capite
978 1206 1013 1263 de
1037 1206 1217 1283 Philippicis

137 1306 238 1384 aliqua
259 1307 409 1365 addamus.

220 1408 277 1466 Sed
299 1409 395 1484 ipsam
417 1409 475 1468 iam
498 1428 560 1468 rem
582 1410 793 1484 ingrediamur,
817 1431 883 1470 cum
899 1412 989 1471 nimis
1010 1413 1075 1470 fere
1091 1412 1214 1487 longum

136 1512 279 1588 temporis
309 1513 437 1589 spatium
470 1514 501 1571 in
532 1513 744 1590 praeparandis
774 1514 935 1574 lectoribus
965 1515 1138 1574 commorati
1169 1517 1216 1575 vi·

137 1617 266 1674 deamur.

606 1869 690 1954 Cap.
713 1869 744 1937 Ι.

545 1992 598 2040 De
616 1992 803 2053 elegantia.

223 2131 339 2205 „Purus
362 2131 419 2189 erit
441 2135 471 2189 et
492 2131 618 2203 latinus,
651 2130 778 2189 dilucide
801 2132 890 2206 plane
913 2151 971 2210 que
994 2135 1138 2205 dicetur“,
1168 2132 1210 2190 ait

136 2236 238 2294 Cicero
260 2234 425 2292 informans
447 2237 565 2292 tenuem
589 2232 672 2292 illum
693 2238 839 2292 oratorem
846 2279 854 2307 ,
889 2254 976 2312 quem
999 2237 1021 2294 ii
1045 2236 1096 2314 qni
1119 2235 1211 2311 ipsius

137 2357 230 2413 genus
259 2337 376 2395 dicendi
407 2338 634 2412 oppugnabant,
666 2336 761 2395 solum
784 2337 949 2396 existimari
972 2339 1104 2397 Atticum
1133 2338 1216 2398 vole·

135 2443 216 2498 bant.
262 2440 301 2497 Et
315 2439 478 2515 Dionysius
501 2439 621 2516 quidem
643 2441 674 2497 in
697 2440 807 2498 iudicio
831 2441 867 2498 dc
883 2440 974 2516 Lysia
996 2459 1057 2514 cap.
1073 2441 1109 2496 Π
1130 2441 1214 2514 prin-

136 2543 195 2618 cipi
217 2541 261 2598 illi
285 2540 394 2598 oratori
417 2540 500 2598 tenui
524 2559 612 2618 quem
635 2539 772 2615 inprimis
795 2540 1004 2617 sequebantur,
1028 2541 1080 2618 qui
1100 2541 1214 2601 Romae

137 2642 374 2725 quoque-Attici
396 2641 538 2701 volebant
560 2641 680 2714 haberi,
711 2641 822 2717 primas
845 2642 895 2699 dat
917 2641 1094 2704 elocutionis
1120 2663 1214 2720 purae

136 2752 167 2806 et
184 2746 336 2823 propriae:
363 2738 509 2824 Καθαρός
532 2741 590 2803 ἐστι
612 2737 668 2820 την
690 2739 848 2824 ἑρμηνείαν
869 2738 952 2803 πάνυ
974 2742 1022 2804 καὶ
1047 2748 1100 2822 τῆς
1120 2739 1213 2806 ’Aru-

135 2851 191 2927 ιιης
219 2842 351 2928 γλώσσης
380 2841 501 2927 ἄριστος
531 2840 634 2907 κανών
655 2869 688 2922 ιι,
721 2839 759 2906 cri
781 2849 834 2925 τῆς
857 2842 999 2928 ἀρχαίας,
1033 2836 1052 2932 ᾗ
1074 2845 1214 2928 κέχρηται

140 2945 268 3010 Πλάτων
297 2948 349 3009 καὶ
374 2950 580 3029 Θουκυδίδης,
612 2944 685 3010 ἄλλοι
712 2952 766 3029 τῆς
792 2945 856 3012 κατ’
879 2949 994 3010 ἐκεῖνον
1021 2946 1074 3011 τᾶν
1103 2947 1214 3030 χρόνον

137 3046 461 3131 ἐπιχωριαζούσης
484 3049 561 3112 aurci
588 3057 676 3114 τοῦτο
705 3050 757 3132 μὲν
786 3049 824 3130 δὴ
853 3047 885 3113 rd
909 3049 1016 3132 μέρος,
1047 3047 1121 3134 ὅπερ
1152 3051 1213 3114 ἐστὶ

136 3157 256 3236 πρῶτον
277 3152 327 3214 καὶ
351 3150 533 3237 κυριώτερον
557 3154 588 3215 ἐν
609 3152 718 3236 λόγοις,
741 3155 816 3237 λέγω
840 3152 872 3216 δὲ
894 3151 927 3215 td
951 3150 1134 3234 καθαρεύειν
1157 3151 1212 3234 την

138 3254 292 3318 διάλεκτον
315 3254 417 3330 οὐδεὶς
438 3261 499 3318 τῶν
521 3255 770 3339 μεταγενεστέρων
792 3251 884 3318 αὐτόν
905 3251 1119 3340 ὑπερεβάλετο,
1152 3253 1214 3318 ἀλλ’

208 3411 234 3480 5)
252 3416 317 3462 Nam
334 3428 389 3462 cum
406 3413 552 3462 Cornificius
569 3414 602 3472 lI,
622 3415 680 3472 2,3
706 3428 760 3461 esse
785 3418 898 3472 oportere
924 3409 989 3461 dicat
1012 3415 1037 3462 in
1056 3418 1152 3462 oratore
1175 3414 1214 3462 in-

137 3501 286 3558 ventionem,
306 3500 500 3561 dispositionem,
519 3500 694 3557 elocutionem,
713 3499 874 3558 memoriam,
892 3500 1132 3560 pronuntiationem,
1150 3500 1214 3547 duaa

138 3586 255 3632 videlicet
272 3599 320 3643 res,
338 3585 456 3632 memoria
474 3590 499 3632 et
516 3586 684 3644 pronuntiatio
704 3583 768 3650 (sive
781 3584 854 3649 actio)
872 3587 977 3646 legendo
989 3587 1083 3647 percipi
1094 3601 1143 3633 non
1156 3601 1213 3646 pos·
1240 3606 1242 3611 ¹

138 3676 208 3728 sunt,
226 3671 328 3717 duarum
346 3672 449 3716 aliarum
467 3684 548 3716 rarum
567 3669 718 3717 inventionis
736 3674 761 3716 et
778 3671 961 3730 dispositionis,
979 3673 1000 3720 si
1018 3673 1090 3720 unius
1108 3674 1213 3720 oratoris

138 3771 215 3817 genus
227 3757 323 3803 dicendi
341 3761 482 3813 tractamus,
500 3755 581 3814 debet,
600 3756 620 3802 si
638 3756 711 3803 unius
729 3757 856 3811 orationis,
874 3759 918 3805 vix
936 3763 1018 3818 potest
1036 3760 1099 3805 ratio
1117 3758 1211 3805 baberi.

207 3839 232 3908 6)
251 3841 344 3888 cornis.
363 3842 406 3898 IV,
428 3844 474 3900 11,
494 3842 542 3887 17:
571 3840 636 3897 Quae
654 3844 697 3904 (so.
716 3840 832 3908 elocutio)
855 3845 958 3891 maxime
974 3844 1103 3891 admodum
1120 3847 1216 3891 cratera*

137 3928 319 3975 accommodata
342 3935 390 3986 est,
416 3934 464 3974 trec
481 3942 520 3972 rea
537 3927 563 3973 ιἰι
582 3942 606 3972 ae
624 3926 689 3974 dehet
705 3927 804 3987 babere,
834 3930 989 3989 clepaatc'am,
1015 3932 1212 3992 comparatricem,

137 4015 282 4074 almitatem.
319 4014 450 4073 Elegantia
468 4020 510 4072 cet,
529 4028 590 4072 quae
599 4013 675 4072 facit,
692 4020 719 4060 ut
735 4030 806 4061 acam
824 4016 933 4075 quodque
945 4032 1007 4076 pare
1025 4025 1047 4063 et
1064 4025 1145 4077 aperte
1162 4016 1214 4064 dici

135 4101 254 4150 videatur.
