2602 4560
517 265 558 274 --
605 228 730 291 70-

75 404 180 443 001010
209 393 239 440 ot
265 387 326 443 sabe
356 385 516 461 cupiditate
546 392 575 441 et
602 402 705 440 rursus
734 384 796 441 sine
826 383 891 440 ode'o
921 392 950 441 et
970 384 1034 441 siue
1055 384 1160 442 rlrvr'dr'u

84 485 262 546 radebodum.
308 490 345 544 31
371 487 423 563 qui
443 486 686 555 111001000011111,
712 486 764 562 qui
782 487 812 543 in
835 503 924 543 cama
947 487 1074 543 anienem
1095 504 1162 563 pro·

76 589 168 670 fudit.
215 595 254 647 32
277 588 414 647 occulens
436 597 464 645 01
486 591 641 646 crcstode'ur.
687 589 727 649 ib.
752 590 874 647 luterum
890 590 1040 664 oppositus
1057 596 1085 646 et
1099 608 1161 647 cor-

81 711 193 771 porum.
218 727 259 735 -
283 691 415 755 Quorum
431 692 635 768 exemplorum
659 711 800 751 numerus
821 692 912 751 facile
934 696 1036 769 potest
1054 691 1163 768 augeri.

170 796 248 855 Satis
269 794 328 853 iam
351 794 444 854 multa
466 795 601 854 attulisse
624 815 678 854 nos
701 795 844 868 ducimus,
869 815 922 855 cur
943 795 1013 855 huic
1036 794 1163 855 orationi

86 920 145 960 non
169 898 286 958 Atticas
309 897 449 957 dictionis
479 896 596 956 laudem
627 898 809 971 tribuamus,
840 918 895 958 nec
918 903 1039 976 tempus
1069 903 1163 959 terere

87 1004 224 1078 oportere
246 999 277 1058 in
302 1000 510 1059 enumerandis
532 999 644 1072 figuris.

172 1105 278 1162 Restat
300 1108 333 1163 ut
355 1121 503 1178 perpauca
525 1103 665 1161 addamus
688 1103 724 1160 de
747 1102 1041 1178 compositione.
1088 1104 1164 1163 liar·

87 1205 213 1265 celliana
240 1207 401 1266 verborum
430 1206 549 1284 quidem
579 1205 710 1264 numeris
739 1205 827 1282 plane
859 1223 959 1264 earum
992 1205 1166 1266 ascribenda

88 1316 134 1367 est
156 1309 242 1368 classi
266 1309 447 1381 orationum,
479 1308 558 1367 inter
582 1327 655 1386 quas
685 1308 847 1366 secundnm
868 1313 1003 1383 tempus,
1037 1328 1099 1388 quo
1122 1315 1166 1369 est

87 1410 203 1483 habita,
226 1411 340 1470 incidit.
385 1413 458 1471 Cum
479 1412 512 1469 in
534 1413 590 1471 hac
613 1431 732 1490 quoque
756 1411 890 1471 oratione
913 1410 1106 1471 manifestum
1128 1413 1166 1472 sit

87 1513 258 1572 Ciceronem
283 1533 420 1573 numeros
435 1516 593 1575 verborum
616 1514 704 1590 plane
721 1512 915 1589 neglegenter
929 1517 1083 1575 tractasse.
1130 1517 1165 1573 In

87 1616 160 1674 haec
182 1615 319 1691 inprimis
342 1616 471 1674 animum
495 1623 577 1676 tuum
599 1623 729 1675 vertam:
752 1616 872 1674 Summa
894 1615 1025 1674 omnium
1051 1617 1165 1677 clausu·

88 1718 181 1775 larum
212 1717 368 1795 bisyllabis
390 1719 514 1778 vocibus
545 1720 717 1778 effectarum
745 1719 893 1797 adaequat
921 1735 1001 1789 eam,
1035 1720 1166 1797 quaein

88 1820 248 1895 Ligariana
269 1826 408 1897 apparet,
433 1826 481 1893 21,
499 1828 517 1880 3
533 1848 576 1871 =
592 1826 640 1894 21,
659 1826 693 1894 23
725 1820 858 1898 itemque
880 1839 1022 1879 numerus
1047 1823 1167 1901 quadri-

89 1922 268 2001 syllabarum
292 1924 488 1982 clausularum
513 1926 575 2000 (31,
593 1924 624 2003 4)
654 1925 752 1983 minor
783 1928 828 1982 est
850 1942 938 2002 quam
962 1924 1098 1983 omnium
1121 1944 1166 1985 ce·

89 2031 219 2085 terarum
243 2026 424 2085 orationum:
457 2046 581 2104 quarum
603 2047 701 2086 rerum
724 2027 761 2085 de
784 2025 814 2086 vi
838 2025 907 2086 vide
930 2044 1020 2100 supra
1043 2025 1086 2103 (p.
1105 2029 1166 2105 54).

90 2130 127 2186 In
150 2129 236 2188 classi
265 2129 477 2208 bisyllabarum
508 2151 614 2191 vocum
644 2131 858 2190 descendentes
887 2128 1036 2187 clausulae
1065 2148 1168 2190 ascon-

89 2230 228 2292 dentibus
258 2240 438 2310 superantur
460 2253 600 2293 numero:
638 2239 683 2306 ll,
701 2238 717 2290 8
734 2266 777 2276 —
793 2238 821 2305 9,
840 2237 858 2288 4
874 2258 917 2282 =
933 2236 961 2304 2,
977 2236 1014 2290 4:
1045 2232 1168 2312 quadri·

91 2335 270 2413 syllabarum
286 2337 483 2397 clausularum
506 2337 586 2396 inter
608 2338 819 2397 descendentes
843 2340 873 2395 et
894 2335 1093 2395 ascendentes
1115 2336 1170 2395 rni-

90 2438 171 2496 nima
187 2439 318 2496 omnium
342 2440 509 2499 orationum
532 2440 691 2499 intercedit
712 2438 897 2498 differentia:
922 2441 971 2509 20,
988 2441 1006 2494 9
1027 2470 1065 2480 —
1085 2441 1134 2512 10,
1151 2442 1170 2495 4

91 2568 134 2591 =
152 2545 197 2614 10,
213 2547 240 2614 5,
263 2561 328 2601 oum
344 2544 433 2602 etiam
449 2543 480 2601 in
497 2548 568 2601 orat.
585 2564 613 2618 p.
627 2542 723 2602 Deiot
740 2543 807 2600 hab.
824 2546 870 2613 11,
886 2544 903 2597 8
920 2538 1061 2616 (217-
1077 2544 1126 2615 13,
1139 2540 1171 2619 9)

92 2663 216 2704 numero
239 2647 432 2706 ascendentes
455 2646 702 2706 descendentibus
725 2649 912 2722 superentur.

179 2748 369 2826 Dispondeus
396 2750 552 2830 trisyllaba
574 2770 647 2811 voce
677 2751 801 2810 effectus
829 2746 1025 2807 antecedente
1054 2744 1173 2824 syllaba

94 2852 237 2926 producta
258 2848 401 2935 -1---
428 2855 460 2913 111
484 2854 597 2931 optima
618 2853 739 2930 periodo
764 2870 919 2910 numerum
943 2854 961 2906 2
992 2868 1054 2907 non
1086 2867 1171 2923 egre-

94 2954 183 3029 ditur,
206 2956 237 3014 in
261 2977 301 3015 or.
325 2977 353 3033 p.
370 2958 435 3016 Dei.
451 2958 519 3017 hab.
538 2963 600 3031 3,3
625 2956 800 3037 assequitur,
824 2954 856 3013 in
880 2951 1074 3013 Marcelliano
1096 2954 1172 3013 adeo

95 3064 122 3132 4,
147 3067 175 3119 a.

181 3166 265 3225 Adde
286 3165 375 3224 huius
397 3167 509 3225 formae
531 3214 551 3225 .
569 3196 575 3242 2
591 3214 611 3224 -
629 3198 636 3242 3
651 3213 671 3224 .
690 3161 695 3244 l
713 3194 736 3221 υ
747 3212 767 3220 ..
795 3159 991 3221 clausularum
1013 3178 1174 3219 numerum

97 3273 160 3340 4‚4
184 3274 386 3345 comparatum
409 3289 473 3328 cum
498 3268 605 3327 ceteris
635 3266 828 3326 orationibus.
872 3263 1011 3343 Denique
1040 3262 1175 3323 clausula

96 3473 344 3553 quinquesyllaba
365 3475 518 3534 invenitur
547 3473 642 3553 §212
675 3473 839 3532 extenuabo
862 3470 912 3548 (·):
942 3488 1018 3549 quae
1040 3468 1175 3530 clausula

96 3599 131 3638 eo
154 3577 273 3636 maioris
297 3578 385 3637 debet
407 3597 470 3636 esse
494 3576 651 3649 momenti,
683 3574 761 3654 quod
784 3593 845 3632 non
868 3576 1027 3632 excusatur
1056 3573 1174 3632 minore

95 3680 345 3760 interpunctione.
389 3681 469 3739 Illud
493 3681 571 3739 enim
602 3680 691 3757 plane
720 3686 792 3755 puto
815 3676 932 3754 neglegi
956 3695 1060 3751 posse,
1092 3676 1175 3758 quod

95 3789 224 3848 leviores
247 3786 362 3845 codices
385 3786 530 3863 praebent
551 3784 729 3856 ,extenuabo
754 3781 865 3855 oerbr'a‘,
898 3781 933 3840 de
957 3798 1016 3860 qua
1038 3780 1174 3857 interpo-

95 3892 207 3951 latione
231 3889 299 3948 vide
321 3890 432 3948 Baiteri
463 3888 684 3947 atlnctationcm
714 3887 846 3946 criticam
876 3885 907 3943 in
931 3883 1062 3944 editione
1086 3884 1174 3943 Orel-

96 3997 176 4055 110110
203 3995 303 4052 altera.
349 3993 405 4051 His
429 3992 556 4068 peractis
578 3990 635 4048 iam
659 3990 695 4047 ad
719 3989 868 4064 epilogum
890 3987 1017 4047 transire
1040 4006 1096 4047 nos
1118 4008 1176 4064 pu·

96 4104 192 4164 tamus
224 4114 325 4173 posse,
358 4115 415 4178 quo
448 4113 523 4177 quae
553 4093 686 4153 effecisse
718 4092 805 4151 nobis
835 4091 970 4151 videmur
999 4091 1036 4150 de
1063 4110 1175 4167 genere
