2602 4560
538 237 749 302 -60..

107 411 307 470 programma,
341 390 392 472 qui
421 391 593 452 inscribitur
623 392 777 465 ,nonnulla
806 392 842 451 do
869 390 1019 451 Ciceronis
1050 391 1188 453 oratione

108 515 162 571 pro
186 494 226 553 M.
249 494 400 554 Marcello‘
422 493 570 572 (Ratibor.
590 495 683 573 1845)
708 514 736 572 p.
753 499 803 555 22.
848 493 947 558 Quare
977 494 1036 554 elic
1067 496 1189 558 exstitit

110 597 211 674 opinio
240 599 314 657 haec
337 597 500 657 cretionem
530 616 583 674 pro
606 598 697 658 Marc.
720 598 788 656 heb.
811 618 871 658 nou
894 597 1020 675 abipso
1043 598 1189 660 Cicerone

109 700 217 760 editam
240 719 295 759 neo
316 704 475 776 propterca
502 692 632 760 limatam
655 718 736 774 esse;
769 720 856 781 quem
885 701 1058 778 opinionem
1087 705 1189 780 proie-

109 807 181 863 runt
209 803 311 861 Keller
339 802 480 879 (‚Oiceros
510 802 593 862 Rode
621 803 670 862 fiir
697 803 755 863 deu
778 805 818 863 M.
842 803 1000 864 Marcellus
1028 804 1190 866 lateinisch

110 907 171 964 und
201 906 325 965 deutsch
353 905 408 966 mit
438 906 683 981 Anmerlrungen.
716 907 843 967 Retibor
871 907 973 985 1860‘)
1004 927 1033 984 p.
1052 913 1088 968 3:
1123 911 1191 980 ,Die

111 1009 209 1084 Frage
237 1007 325 1079 aber,
361 1008 466 1066 welche
487 1009 549 1072 sich
578 1011 742 1086 notwendr'g
768 1028 806 1068 cn
829 1009 881 1069 den
904 1010 971 1069 eber
994 1010 1191 1091 ungffiilsrter

111 1110 203 1168 Pemct
224 1110 347 1191 tuipse,
382 1131 440 1169 wer
462 1112 506 1169 die
529 1113 602 1170 llede
625 1112 847 1192 ousgezerchnet
866 1111 954 1184 liobe,
989 1115 1034 1173 de
1059 1115 1191 1174 Cicero

112 1215 131 1270 d
139 1216 190 1272 ies
211 1214 336 1272 sicher·
345 1214 418 1272 liele
441 1216 546 1273 nicht
557 1215 695 1291 gethae
711 1215 791 1287 Ιιιιι,
817 1217 889 1275 Ides!
905 1217 1091 1276 verschiedne
1106 1218 1191 1296 Mig-

113 1315 266 1376 lichlsee‘ten
294 1318 340 1375 ols
362 1319 500 1376 Antwort
521 1337 560 1375 zu
585 1326 658 1377 ...‘
689 1322 719 1378 ot
748 1319 1088 1381 Richter-Eberhardius
1111 1342 1143 1399 p.
1159 1327 1193 1382 9:

114 1420 161 1489 ‚ln
185 1419 488 1478 iiberurber'leter
505 1421 653 1480 Gescelt
674 1422 773 1497 lz'egt
795 1441 860 1479 uns
882 1422 1046 1482 diellede
1067 1425 1194 1484 sicher

114 1524 219 1580 nicht
240 1542 318 1595 cor,
344 1523 575 1603 rudglz'chenjclls
595 1543 687 1600 sogor
703 1543 759 1582 nur
775 1527 804 1582 r'n
819 1525 885 1583 der
899 1526 932 1583 N
937 1526 1159 1586 r'edereedrr‘
1153 1528 1194 1608 j!

114 1627 180 1683 der
205 1627 520 1703 Toclrpgr·cphen.‘
566 1625 652 1690 Quod
675 1628 802 1688 sirecte
825 1647 855 1688 se
878 1628 1017 1690 habuerit
1037 1628 1192 1704 iudicium,

117 1810 237 1856 epperere
256 1811 330 1857 quem
348 1811 378 1845 ex
396 1797 497 1846 ceteris:
523 1797 598 1845 immo
616 1812 677 1845 vero
695 1803 780 1846 nostro
799 1798 899 1857 quidem
916 1798 1006 1846 iudicio
1024 1799 1086 1847 haec
1104 1802 1193 1861 oratio,

116 1886 233 1940 quantum
259 1885 290 1931 ed
308 1884 372 1932 hene
389 1884 567 1933 sententiarum
590 1890 686 1946 portem
711 1885 812 1944 attinet,
840 1898 899 1932 sene
924 1883 987 1932 bene
1010 1887 1194 1936 contentionem

117 1970 226 2017 sustinet
239 1985 294 2018 cum
311 1970 459 2031 Ligariana,
479 1984 542 2030 quoe
560 1970 658 2029 quidem
677 1984 755 2030 poene
774 1971 879 2030 efficiet,
897 1975 924 2017 ut
941 1970 1100 2032 Ciceronem,
1120 1987 1194 2034 quem

116 2056 224 2114 alioquin
242 2057 340 2116 saepius
358 2057 398 2104 vel
416 2057 543 2117 despicere
561 2056 639 2104 coacti
657 2069 749 2115 sumus,
768 2059 870 2117 propter
887 2056 1065 2116 ingenuitetem
1084 2061 1110 2106 et
1121 2058 1192 2107 liber·

117 2146 192 2189 tutem
210 2142 293 2203 animi,
312 2157 375 2202 queo
393 2143 433 2190 hic
450 2143 537 2201 elucet,
556 2142 686 2203 diligemus
704 2157 733 2190 ac
750 2143 920 2203 suspiciemus.
956 2142 1041 2190 Aede
1059 2143 1195 2205 Ligariana

118 2228 216 2287 quidem
235 2230 334 2288 confer,
361 2244 424 2289 quoe
442 2229 556 2277 Halmius
580 2230 606 2276 in
624 2229 778 2290 praelatione
796 2227 911 2275 editionis
930 2241 988 2276 suae
1006 2242 1037 2276 ex
1055 2230 1195 2280 Drumauni

116 2314 180 2362 libro
198 2317 284 2363 effert:
303 2318 364 2373 ‚Nur
382 2316 421 2364 eiu
433 2316 520 2364 Cicero
538 2317 632 2364 konute
649 2319 722 2362 untur
740 2328 767 2361 so
792 2313 932 2374 peinlichen
947 2314 1140 2364 Verhiltuissen
1157 2316 1196 2365 die

118 2401 213 2448 Wiirde
232 2402 281 2448 und
298 2401 488 2461 Freimiitigkeit
505 2403 549 2450 des
561 2399 755 2462 Republlceners
773 2401 818 2447 mit
835 2400 879 2447 der
890 2400 1005 2448 Feinheit
1022 2402 1074 2450 und
1085 2403 1195 2452 Zurllck·

118 2485 223 2546 heltuug
240 2487 283 2534 des
300 2487 455 2535 Hoimeunes
472 2489 634 2548 vereinigen.‘
668 2488 698 2534 ln
715 2487 877 2534 Marcelliano
892 2500 955 2533 sero
972 2487 1029 2535 telis
1047 2487 1124 2536 enimi
1143 2503 1195 2538 ora·

119 2572 180 2619 toris
203 2573 310 2632 primum
333 2573 404 2621 testis
421 2579 458 2621 est
475 2579 527 2621 tota
543 2573 662 2621 cretionis
679 2573 798 2620 inventio.
835 2573 875 2619 An
894 2586 943 2619 uon
961 2572 1009 2620 siri
1028 2573 1126 2623 fortiter
1144 2576 1195 2624 aui·

120 2673 237 2718 moseque
254 2660 350 2719 egentis
368 2659 571 2708 collaudationis
588 2661 709 2708 rationem
727 2660 763 2706 sic
780 2660 937 2718 constituere,
957 2665 985 2706 ut
1001 2658 1028 2706 iu
1045 2659 1127 2708 altere
1144 2661 1197 2710 eius

121 2748 191 2804 perte
209 2745 314 2806 principi
333 2761 363 2794 ea
381 2753 457 2807 ponet
474 2752 531 2795 ente
549 2747 650 2805 oculos,
669 2761 731 2806 quoe
748 2746 844 2805 relique
861 2746 923 2805 sint,
941 2750 968 2793 ut
985 2745 1065 2793 fiant?
1100 2747 1197 2797 Deinde

121 2832 259 2892 singulares
278 2846 374 2893 quoque
393 2835 486 2894 possim
504 2835 665 2882 inveniuntur
683 2833 836 2890 sententiae,
863 2845 925 2890 quoe
944 2831 1040 2878 dicendi
1056 2831 1197 2882 libertatem

121 2918 237 2977 indicant,
255 2925 283 2966 ut
300 2921 376 2981 524:
393 2922 511 2980 multaque
528 2927 663 2979 uterque
681 2920 699 2966 d
704 2935 744 2966 cc
758 2918 851 2976 feceret
868 2924 984 2976 amatus,
1004 2933 1065 2976 quae
1083 2919 1148 2967 idem
1163 2927 1196 2968 to-

121 3013 192 3064 patus
210 3006 268 3064 fleri
285 3006 455 3066 prohibuisset.
490 3009 505 3069 ᾖ
525 3010 556 3056 29
581 3007 644 3055 cerci
660 3007 734 3066 ι’ρίιιιν
751 3005 786 3052 eis
803 3006 875 3051 diam
892 3003 1024 3062 iudicibus,
1055 3005 1098 3064 pei
1119 3004 1198 3054 mullis

117 3098 175 3150 poet
192 3090 292 3138 accendis
306 3090 518 3139 dcteiudc'cabcct
535 3100 562 3140 et
579 3092 703 3152 quidem
720 3091 804 3138 houd
822 3090 889 3137 ecio
906 3104 947 3136 cu
964 3088 1198 3151 incorruptius

123 3193 162 3223 au
183 3193 251 3236 noe,
269 3193 326 3224 com
344 3178 461 3227 otrico
479 3175 957 3236 omoreetainecups'ds'tatect
974 3189 1058 3222 rursus
1076 3175 1127 3223 cirre
1144 3173 1198 3223 odic

124 3350 218 3396 derium
235 3352 334 3411 pristini
352 3352 502 3412 reipublicae
520 3356 598 3400 status
616 3364 751 3411 apparere:
779 3348 901 3408 ‚doleoque
923 3363 974 3394 oum
998 3346 1135 3407 respublica
1156 3346 1198 3394 isr-

122 3437 232 3484 mortolis
248 3453 298 3485 csse
315 3437 405 3498 debeat,
423 3454 475 3486 eom
492 3439 519 3485 ιἰι
536 3437 606 3485 accius
621 3435 731 3485 mortalis
749 3435 832 3483 oncino
849 3434 993 3481 consistere}
1027 3431 1123 3481 Eadem
1147 3432 1199 3481 sere

124 3523 219 3572 ratione
236 3525 297 3572 haec
315 3538 378 3584 ques
395 3526 411 3586 ς
425 3527 455 3573 29
474 3526 598 3584 leguntur,
617 3522 763 3584 explicanda
781 3525 855 3580 puto:
880 3517 936 3577 ,nisi
952 3517 1009 3566 belli
1024 3517 1104 3567 meilis
1121 3516 1199 3566 inme-

125 3609 190 3657 diem
207 3611 283 3658 salute
296 3610 396 3671 patrm
412 3611 569 3658 certioretis}
604 3609 645 3657 Sic
662 3610 728 3657 enim
746 3622 775 3656 ee
792 3621 881 3655 censeo
898 3603 1100 3666 interpretenda:
1119 3618 1199 3664 ‚wenn

126 3698 158 3744 du
176 3697 244 3745 nicht
261 3699 308 3744 den
327 3696 588 3757 Birgerkriegsbrand
614 3695 670 3759 (hoc
688 3695 756 3742 velet
779 3693 827 3753 ,die
844 3691 1027 3753 Biirgerlrriege
1043 3686 1200 3752 liberhaupl‘)

125 3784 201 3831 durch
220 3784 259 3831 die
277 3783 531 3842 Wiederherstelluug
556 3783 599 3830 des
617 3781 782 3829 Vaterleudes
808 3778 835 3845 (i.
850 3794 871 3826 e.
892 3778 968 3826 durch
987 3777 1027 3824 die
1043 3776 1200 3825 Wiederlrer·

126 3872 235 3931 stellung
258 3871 303 3917 der
320 3871 385 3917 elten
404 3868 634 3930 republicanischen
652 3864 816 3926 Veriessung)
840 3864 951 3925 geldscht
976 3863 1001 3927 (i.
1016 3876 1037 3910 e.
1056 3862 1097 3909 ills·
1114 3862 1200 3910 immor

126 3954 250 4021 beseitigt)
267 3957 349 4004 heben
368 3956 453 4002 wirst.‘
488 3955 543 4002 Hoc
560 3952 761 4013 interpretatione
779 3952 804 3998 ld
822 3949 896 3999 simul
913 3950 1045 4006 lucremur,
1064 3951 1092 3996 ut
1109 3948 1200 3996 locutio

126 4044 274 4104 ,incendium
291 4043 316 4089 b.
328 4057 350 4089 c.
368 4042 447 4089 solute
466 4057 490 4102 p.
509 4039 670 4100 restinguere*
689 4052 738 4085 non
755 4037 791 4085 its
807 4036 926 4084 inusitata
943 4040 968 4083 st
986 4035 1066 4082 eudex
1084 4034 1199 4083 rideatur

126 4128 168 4194 (cf.
186 4127 435 4178 mehor-eberhardi
452 4126 535 4175 eduot.
553 4130 578 4173 et
594 4125 743 4172 Wolfiauem
761 4121 819 4170 edit.
835 4136 860 4182 p.
875 4117 927 4187 68).
