2602 4560
525 232 738 300 ..57-

95 389 272 452 Handwcrhe
293 391 375 450 nicht
396 390 454 470 oris
470 391 530 449 darn
555 389 721 469 Laafendeu
746 391 805 448 und
828 389 931 448 Caluus
955 388 1171 448 Vahz'nz'asr'cden

94 493 231 552 hrachteu
254 494 310 552 s'hm
334 496 379 552 die
401 493 503 553 hr'uere
525 493 732 563 Erhermtnz'ss,
757 493 825 551 dass
848 495 901 550 mi!
921 494 982 551 dem
1005 493 1097 550 Sturz
1120 492 1172 549 der

94 597 224 655 Arrbncr
245 598 320 654 uach
341 598 402 655 scin
425 597 514 656 lluhm
539 595 648 674 Gefohr
670 595 760 675 hirse‘
805 596 883 655 Num
911 596 1004 673 igitur
1031 596 1103 655 adeo
1127 598 1173 654 est

92 700 215 772 mirum,
247 699 272 757 si
295 700 452 760 statuimus
474 702 647 761 Ciceronem
676 699 707 757 in
731 700 916 759 orationibus
944 697 1172 779 insequentibus

95 821 275 882 quamquam
306 821 366 861 non
389 803 526 862 omnibus
554 803 585 861 in
608 803 698 861 rebus
720 803 899 863 concesserit
921 801 1043 875 Atticis,
1073 806 1173 860 tamen

94 905 126 963 id
149 904 268 985 quidem
291 905 453 981 studuisse,
476 910 510 965 ut
531 905 705 982 compositio
728 925 790 965 non
811 906 884 965 adeo
907 905 1066 965 artificiosa
1087 902 1171 962 vide-

94 1005 196 1067 retur?
239 1009 315 1067 Nam
338 1009 410 1066 illud
435 1028 493 1067 non
518 1009 557 1068 sit
579 1007 827 1080 addubitandum‚
859 1007 932 1087 quin
954 1005 1089 1067 Ciceroni
1115 1024 1169 1062 nu-

96 1130 244 1170 merorum
274 1111 404 1170 studium
433 1112 513 1169 haud
535 1130 628 1188 parvo
652 1110 745 1170 Attici
767 1109 913 1171 verterint
935 1108 1110 1186 opprobrio:
1141 1106 1173 1166 id

96 1213 255 1292 quodiam
279 1231 318 1271 ex
339 1233 374 1273 eo
396 1218 496 1290 potest
517 1213 605 1286 effici,
629 1214 708 1292 quod
730 1212 832 1273 Cicero
855 1213 887 1270 in
910 1216 1026 1272 oratore
1050 1231 1102 1271 suc
1126 1215 1171 1269 tot

94 1315 188 1376 verba
209 1319 381 1395 tantamque
403 1316 588 1392 diligentiam
618 1316 650 1374 in
671 1316 728 1376 hoo
749 1316 815 1392 ipso
838 1315 991 1376 tractando
1014 1313 1079 1373 loco
1102 1332 1171 1371 con-

94 1417 234 1494 sumpsit:
267 1438 326 1498 quo
349 1420 438 1479 addas
461 1438 537 1498 quac
559 1420 637 1496 apud
661 1418 880 1483 Quintilianum
903 1417 1014 1494 scripta
1036 1416 1171 1477 videmus

93 1520 152 1594 IX,
170 1526 196 1593 4,
215 1525 270 1579 53:
302 1525 358 1592 ,Ar
382 1523 481 1580 Cicero
495 1521 732 1601 frequentissime
761 1523 833 1579 dicit
854 1530 942 1579 {olam
965 1520 1018 1577 hcc
1040 1527 1173 1576 constare

96 1625 240 1693 numer2b3
275 1624 432 1700 ideoque
460 1623 751 1700 reprehenditur
781 1641 798 1680 a
827 1620 1049 1700 quibusdum
1083 1628 1172 1678 tam·

95 1744 197 1803 quom
221 1728 430 1784 arctiorem
452 1728 499 1785 cd
519 1727 709 1802 rhythmos
733 1725 977 1803 alligemur
1022 1724 1171 1782 Necverc

96 1827 198 1886 Cicero
220 1847 253 1887 re
275 1849 347 1889 vera
368 1850 407 1889 ex
429 1829 556 1891 vinculis
578 1849 768 1889 numerorum
791 1848 822 1888 se
845 1828 973 1888 liberare
1001 1831 1053 1886 aut
1074 1825 1173 1902 potuit

95 1933 148 1990 aut
168 1931 280 1991 voluit:
311 1932 341 1991 id
364 1937 479 1992 tantum
503 1933 709 1992 contendimus
732 1933 904 1992 Ciceronem
932 1931 1002 1990 inde
1025 1930 1062 1988 ab
1085 1926 1172 1986 Milo-

96 2033 199 2105 niana,
232 2054 298 2093 cum
320 2035 414 2111 magis
437 2034 620 2117 πραγματείᾳ
650 2055 769 2112 operam
800 2037 869 2094 dare
892 2036 1039 2108 studeret,
1072 2031 1171 2108 negle-

97 2136 217 2212 gentius
244 2143 386 2198 tractasse
415 2140 574 2198 verborum
605 2158 754 2199 numeros.
800 2140 947 2199 Necnon
975 2136 1172 2197 inveniuntur

95 2238 253 2299 manifesta
275 2241 363 2299 huius
386 2241 592 2317 neglegentiae
615 2240 761 2317 exempla.
806 2240 885 2305 Quid
901 2241 981 2300 euim
1004 2243 1050 2298 est
1071 2236 1172 2297 notius

96 2359 186 2420 quam
211 2342 348 2422 quamvis
369 2343 573 2404 adamaverint
595 2349 727 2402 oratores
750 2362 918 2416 numerum,
948 2347 1048 2403 tamen
1070 2359 1173 2401 versus

96 2443 128 2501 in
152 2463 240 2519 prosa
263 2446 396 2506 oratione
418 2447 468 2506 vel
491 2446 620 2504 maxime
641 2446 733 2506 fuisse
762 2446 926 2521 fugiendos.
971 2447 1077 2525 Itaque
1100 2443 1173 2501 Wii-

96 2547 171 2607 stins
186 2549 258 2608 satis
274 2550 490 2611 demonstravit
505 2550 678 2610 Ciceronem
695 2551 854 2610 clausulam
870 2549 1019 2610 heroicam
1034 2575 1172 2609 ,oo-c

96 2652 210 2712 avitare
238 2651 397 2727 diligenter
426 2653 583 2712 studuisse.
629 2652 695 2717 Qua
724 2653 756 2712 in
779 2673 810 2712 re
842 2653 967 2712 nonita
990 2652 1114 2711 multum
1138 2667 1173 2707 ea

96 2756 235 2832 exempla
256 2756 441 2832 respicienda
463 2761 564 2832 putat,
599 2757 708 2836 quibus
730 2777 768 2815 ex
791 2756 906 2815 minore
929 2752 1172 2831 interpunctione

96 2857 152 2935 (:;)
175 2859 318 2938 quaedam
341 2859 493 2919 excusatio
516 2860 659 2918 oboritur.
703 2863 744 2918 At
759 2879 797 2918 nc
819 2860 850 2917 in
866 2857 1032 2918 minoribus
1048 2855 1171 2937 quidem

96 2960 236 3021 membris
264 2960 414 3020 heroicam
436 2960 597 3020 clausulam
626 2962 659 3019 iu
681 2960 857 3039 disyllabum
881 2979 985 3021 vocem
1014 2958 1170 3019 finientem

95 3063 214 3124 invenit
244 3064 293 3141 (cf.
316 3064 364 3123 W.
388 3084 415 3140 p.
434 3063 472 3122 67
497 3066 528 3123 et
550 3064 611 3138 90).
658 3062 756 3126 Quare
779 3063 883 3123 licebit
904 3065 978 3123 haec
1000 3064 1089 3122 buius
1111 3063 1171 3122 for·

96 3189 162 3228 mae
185 3169 292 3227 afferre
315 3169 461 3244 exempla,
485 3186 560 3248 quac
577 3168 655 3243 apud
671 3166 820 3227 Wiistium
843 3166 884 3244 (p.
901 3167 1039 3244 28—37)
1062 3167 1173 3225 frustra

97 3288 231 3350 quaeres,
255 3290 309 3330 seu
331 3271 410 3350 quod
433 3271 525 3329 aciem
549 3270 701 3329 oculorum
722 3271 872 3345 fugerunt,
896 3269 974 3348 quod
991 3288 1077 3327 nemo
1094 3271 1173 3326 certe

98 3374 124 3432 ei
142 3373 226 3433 dabit
240 3372 410 3450 opprobrio,
435 3393 486 3432 scu
503 3373 581 3453 quod
598 3373 686 3432 certis
708 3377 871 3431 commotus
894 3370 989 3430 causis
1012 3390 1072 3428 non
1094 3369 1173 3428 inter

96 3476 293 3536 clausularum
317 3495 471 3534 numerum
494 3475 665 3534 referendas
688 3474 782 3546 duxit,
806 3475 885 3554 quod
902 3474 974 3533 item
990 3473 1128 3553 equidem
1144 3473 1171 3530 ei

97 3599 158 3638 non
181 3599 247 3639 cum
270 3578 418 3656 vituperio
443 3579 548 3651 obicio,
572 3596 751 3658 quamquam
767 3579 854 3637 abeo
870 3576 1028 3637 dissentio:
1052 3575 1115 3635 Mil.
1133 3579 1171 3632 52

171 3840 230 3897 140)
249 3837 279 3883 cf.
298 3835 372 3882 etiam
391 3835 443 3892 IX,
462 3836 493 3892 4,
514 3837 542 3882 l:
562 3835 599 3881 Dc
617 3833 784 3894 ccocpositiocc
800 3847 849 3880 coc
865 3831 973 3890 enaim
986 3837 1043 3892 post
1060 3833 1094 3877 Μ.
1117 3829 1172 3878 na

97 3923 155 3969 lium
174 3921 275 3970 scrihere
293 3923 405 3968 crederem
426 3956 470 3968 ...
489 3922 538 3968 ruisi
554 3929 576 3968 et
593 3921 696 3967 ciusdem
714 3919 800 3967 aetatis
817 3920 921 3966 homines
939 3919 1034 3978 sarmatis
1051 3918 1173 3978 adipsum

98 4008 170 4056 etium
186 4009 271 4056 litteris
289 4009 457 4069 reprehendere
475 4009 502 4055 id
517 4007 653 4057 reuocandi
668 4022 740 4066 cecus
756 4007 813 4053 ausi
824 4006 933 4066 fluissent.
