2602 4560
491 219 706 284 ..45-

60 395 127 435 oum
157 374 211 450 iis,
242 396 318 455 quos
349 395 439 452 supra
460 376 768 450 commemoravimus,
801 381 987 453 comparatus
1008 378 1139 436 numeris

60 477 187 539 nonita
208 498 334 555 magnus
357 478 515 539 videbitur.
560 480 666 557 Neque
694 479 726 537 id
748 484 794 539 est
816 479 1027 553 omittendum,
1059 481 1139 559 quod

59 581 128 641 talis
150 581 366 655 abundantiae,
399 582 517 660 qualem
541 601 630 658 supra
652 602 691 640 ex
713 583 774 642 div.
797 582 831 641 in
855 581 891 644 Q.
915 584 999 642 Gaea.
1022 582 1138 642 notavi-

58 704 132 758 mus,
155 684 206 743 ubi
230 684 319 760 plene
341 684 419 743 idem
443 684 644 760 signifioantia
666 685 758 743 verba
780 685 1011 761 ooniunguntur,
1036 704 1139 744 exem-

58 787 142 864 plum
174 787 228 847 vix
258 807 297 846 ex
329 787 464 847 oratione
496 807 525 863 p.
550 787 617 846 Dei.
641 789 711 847 hab.
744 789 866 848 erueris.
911 789 1021 847 Confer
1049 789 1139 847 etiam

58 890 138 948 Phil.
156 890 230 962 VII,
251 895 268 948 8
294 909 399 966 quaeso
422 909 538 966 oroque.
587 895 626 947 22
647 891 733 968 pleno
755 910 791 949 oe
813 891 922 971 referto
937 890 1023 970 soro.
1067 892 1140 967 imp.

59 993 114 1052 On.
136 994 239 1069 Pomp.
266 997 282 1050 5
315 994 433 1070 depasci
451 1001 537 1069 atque
558 994 663 1069 empeti.
713 997 749 1050 18
770 997 866 1070 gnavi
885 1003 970 1071 utque
991 993 1137 1051 industrii.

62 1101 101 1154 21
127 1097 208 1154 aditu
230 1103 415 1173 aduentuque.
457 1101 496 1154 48
521 1096 594 1153 velle
616 1106 644 1153 et
665 1105 773 1172 optare.
811 1099 848 1154 57
873 1099 1019 1174 empetenti
1039 1106 1067 1154 et
1085 1115 1140 1172 po-

60 1200 196 1257 stulanti.
241 1199 300 1274 leg.
323 1218 384 1273 agr.
406 1200 437 1271 I,
464 1203 501 1257 16
530 1217 661 1274 premere
690 1207 774 1276 atque
797 1218 911 1276 argere.
958 1199 1021 1258 Mil.
1047 1204 1065 1256 2
1095 1218 1141 1254 re-

62 1311 146 1359 ereat
164 1310 195 1359 et
213 1300 318 1378 reficit.
364 1301 441 1360 Phil.
457 1301 515 1374 VI,
535 1306 572 1359 18
603 1300 749 1359 emendabo
772 1301 965 1378 vigilaboque.
1014 1301 1139 1374 VIII,8

63 1407 143 1483 quod
166 1405 336 1480 exemplum
359 1405 390 1462 in
412 1404 688 1464 annominetionum
707 1423 830 1463 numero
847 1404 1009 1464 attulimus.
1042 1404 1080 1476 X,
1100 1408 1136 1460 21

61 1510 153 1566 armis
174 1509 335 1585 animisque
358 1506 535 1586 infestam
560 1509 594 1564 in
603 1509 827 1584 imieomqae.
873 1507 963 1579 XIII,
983 1512 1020 1565 12
1052 1509 1140 1563 inter-

58 1621 156 1689 pretes
192 1614 424 1688 internuntiique.
475 1611 561 1669 Adde
584 1611 641 1686 leg.
665 1629 726 1686 agr.
748 1611 778 1683 I,
807 1615 842 1668 16
877 1610 1004 1667 omm'das
1038 1610 1141 1667 ornetis

61 1717 222 1773 devinctum
238 1723 266 1772 et
281 1718 479 1772 constrictam.
526 1714 619 1773 Adice
640 1713 730 1773 etiam
750 1713 824 1772 haee
840 1713 988 1787 oongeriei
1004 1711 1141 1784 exempla

62 1818 209 1892 insignia:
239 1817 303 1876 Mil.
322 1819 359 1875 67
394 1827 478 1894 atque
509 1817 561 1875 itta
593 1819 687 1874 omnia
717 1818 747 1873 in
778 1817 853 1873 intre
883 1835 967 1873 annm
995 1817 1138 1884 instituta,

60 1930 180 1998 parata,
205 1923 357 1979 intentata.
390 1925 446 1978 101
472 1940 508 1977 em
527 1920 582 1976 liae
606 1918 676 1976 mde
697 1919 868 1995 expelletur,
894 1917 1141 1989 eeterminobitnr,

60 2026 231 2102 pror'eietnr.
280 2023 357 2082 Phil.
376 2025 416 2096 II,
435 2024 473 2080 70
498 2021 600 2080 bellam
624 2023 716 2091 eineis,
743 2021 818 2098 qnod
839 2031 947 2089 natum,
974 2041 1026 2078 eon
1050 2031 1138 2088 atam,

62 2136 224 2204 susceptam
248 2146 334 2202 opera
358 2135 407 2184 tna
430 2136 482 2184 est.
530 2125 608 2184 Phil.
627 2126 662 2197 V,
679 2131 717 2183 29
750 2125 875 2182 enelnsr't
904 2125 985 2182 illam
1016 2143 1034 2182 a
1057 2142 1142 2201 repn-

66 2229 157 2299 bliea,
181 2229 330 2297 di'stram‘t,
356 2231 531 2306 segregavit.
569 2229 610 2286 ib.
628 2232 665 2285 51
688 2229 837 2305 promitto,
863 2228 982 2301 recepto,
1007 2226 1141 2302 spondeo.

68 2330 154 2403 VIII,
175 2332 208 2389 17
241 2335 425 2409 contempsit,
458 2333 574 2401 reiecit,
607 2331 781 2408 repudiavit.
829 2329 885 2400 XI,
903 2333 943 2385 22
974 2338 1006 2384 nt
1026 2329 1140 2398 relicto,

64 2435 188 2505 deserto,
209 2436 340 2510 prodito.
387 2435 460 2507 XII,
481 2440 493 2493 l
517 2433 596 2512 falli
615 2435 718 2511 dee-epi,
744 2452 858 2490 errare.
905 2432 962 2507 leg.
977 2451 1038 2506 agr.
1058 2433 1083 2503 1,
1102 2436 1140 2488 26

64 2537 206 2594 inelusnm
230 2539 343 2609 malene,
370 2540 533 2596 intestinum
557 2547 642 2615 atque
664 2537 846 2594 domesticum
869 2544 921 2592 est.

152 2641 290 2720 Denique
317 2641 348 2699 id
372 2661 481 2721 quaeso
510 2640 668 2716 respicias,
699 2640 778 2719 quod
808 2639 840 2696 in
868 2658 910 2697 or.
935 2658 964 2713 p.
985 2637 1052 2695 Dei.
1074 2638 1143 2694 hab.

66 2741 184 2818 singula
216 2745 414 2804 abundantiae
444 2744 582 2819 exempla
611 2762 664 2818 per
692 2747 782 2801 totam
808 2741 970 2799 orationem
994 2745 1064 2797 sunt
1086 2738 1143 2795 dis-

67 2865 170 2921 persa,
203 2853 305 2906 eontra
327 2847 398 2905 alibi
420 2847 451 2904 in
475 2866 567 2905 unum
590 2865 678 2921 saepe
701 2844 797 2903 looum
821 2847 961 2916 congesta
982 2847 1071 2918 atque
1094 2859 1143 2897 ou-

67 2949 187 3022 mulata,
211 2970 270 3029 quo
290 2951 383 3010 multo
400 2950 435 3010 fit
451 2951 633 3008 abundantia
650 2945 844 3019 manifestior,
868 2950 916 3004 ut:
939 2945 1016 3002 Phil.
1028 2944 1087 3016 III,
1102 2947 1140 2999 33

68 3052 186 3109 ianlnm
211 3066 320 3130 tempas
342 3056 483 3112 dimittam
506 3071 617 3128 neque
646 3052 818 3109 diurnam
849 3067 964 3125 neque
993 3056 1144 3104 riootnr-

70 3172 164 3222 num,
189 3159 256 3232 quin
275 3156 309 3212 de
326 3157 458 3215 libertate
476 3156 581 3234 popnli
600 3155 723 3211 Romani
741 3162 769 3208 et
791 3151 932 3228 dignitate
954 3160 1049 3208 nestra
1071 3151 1147 3227 qaod

70 3259 306 3333 cogitandam
337 3263 402 3330 sit,
435 3260 614 3335 cogitem,
647 3259 724 3334 qaod
752 3255 928 3331 agendum
957 3252 1144 3331 atqnesa·

69 3360 250 3433 ciendam,
286 3364 318 3420 id
346 3382 401 3420 tion
433 3363 513 3419 modo
543 3381 599 3418 tion
621 3379 765 3428 reensem,
800 3358 956 3428 sedetiam
979 3363 1144 3432 appetam

69 3473 184 3541 atque
206 3466 412 3543 deposcam.
460 3465 495 3537 V,
513 3469 552 3522 40
578 3465 667 3537 Quam
691 3462 724 3518 ol
741 3478 857 3519 eausam
880 3461 1018 3517 iustam
1041 3467 1146 3535 atque

70 3585 230 3646 niagnam
253 3579 281 3626 et
297 3569 373 3646 quod
390 3567 762 3644 periculosissimum
786 3563 901 3620 einile
923 3561 1051 3619 bellum
1075 3579 1147 3617 mo·

70 3677 278 3751 animumque
300 3672 539 3728 humanitate
562 3679 597 3726 et
618 3669 804 3744 sapientia
827 3685 879 3724 sna
902 3666 945 3722 M.
965 3664 1086 3740 Lepidus
1109 3662 1149 3720 ad

68 3795 192 3852 paoem
215 3775 420 3833 eorreordia
431 3792 527 3851 mque
542 3773 693 3829 eonnertit.
738 3769 821 3841 VIII,
836 3774 853 3826 8
870 3771 931 3826 Hoe
949 3767 1050 3824 tellam
1065 3768 1147 3842 quen·

73 3889 129 3936 tum
152 3880 238 3937 etoile
258 3881 447 3954 geriem...
464 3879 586 3952 primam
609 3894 665 3931 nore
689 3874 769 3930 modo
792 3891 847 3930 nan
865 3874 894 3928 in
911 3869 1147 3926 dissensione

71 3991 106 4039 et
127 3982 323 4040 discordia
346 3982 461 4049 eim'am,
486 3979 536 4034 sed
559 3981 589 4035 in
612 3979 736 4032 munima
760 3973 1002 4032 consensione
1024 3971 1147 4027 ineradi-

72 4084 178 4162 bilique
199 4084 413 4143 eoncordia.
462 4083 563 4138 Omnes
591 4079 681 4136 idem
712 4077 859 4146 nolunt,
892 4075 985 4131 idem
1013 4071 1147 4152 defen·
