2602 4560
537 197 751 265 ..40-

107 361 205 416 torum
229 354 419 414 definitiones
442 354 525 433 sequi
549 354 714 413 maluimus.
760 354 804 411 Ae
819 372 856 410 ne
872 355 988 412 nostras
1003 352 1070 432 quis
1085 354 1193 414 eredat

108 478 195 518 aures
225 456 459 532 negligentiores
486 459 551 516 fore
573 457 700 530 iudioes,
732 455 869 536 equidem
893 460 966 531 puto
989 455 1078 515 etiam
1102 476 1191 515 seve-

106 562 201 622 riores
215 563 350 635 fortasse,
374 582 462 643 quam
478 561 603 638 parsit:
626 581 714 641 quam
736 565 854 620 utrem
877 560 931 620 tibi
955 561 1087 636 probem,
1111 558 1191 618 illud

109 664 194 723 modo
210 664 300 724 velim
316 664 481 724 recorderis
496 664 590 722 multo
606 664 756 740 pleniores
779 681 844 722 esse
865 662 897 719 in
920 662 1052 741 antiquis
1074 661 1191 736 linguis

108 768 332 827 terminationes
355 787 443 846 quam
466 767 498 825 in
521 766 746 838 recentioribus,
771 767 925 824 dumtaxat
939 766 971 824 in
988 763 1190 825 Germanicis:

109 888 221 949 quare
244 869 331 929 faeile
354 869 419 928 fieri
448 868 578 946 poterit,
610 876 644 929 ut
672 875 791 929 nostrae
821 888 907 928 aures
935 867 1027 925 nimio
1057 869 1191 946 quodam

109 972 206 1032 studio
228 971 271 1031 ibi
295 992 415 1052 quoque
438 972 548 1048 figuras
569 972 721 1048 indagent,
744 970 796 1030 ubi
812 976 929 1030 veteres
948 969 1024 1027 nihil
1039 970 1190 1029 eiusmodi

108 1075 289 1135 sentiebant.
335 1073 521 1155 Quamquam
546 1094 617 1133 sane
640 1075 670 1134 id
693 1075 732 1134 sit
755 1073 924 1145 dolendum,
946 1074 1026 1152 quod
1049 1093 1111 1132 non
1136 1074 1188 1148 sie,

107 1184 141 1238 ut
156 1179 192 1236 de
208 1177 417 1254 eonuapositis
432 1178 564 1251 fecimus,
588 1179 624 1236 de
647 1179 704 1237 hae
719 1195 840 1256 quoque
862 1176 958 1251 figura
980 1180 1075 1236 eertas
1097 1195 1190 1255 quas-

109 1282 175 1340 dam
198 1280 332 1355 proferre
347 1300 504 1356 possumus
520 1281 654 1355 regulas:
677 1279 733 1339 nisi
751 1280 829 1358 quod
847 1297 882 1337 ea
896 1278 1033 1355 inprimis
1048 1279 1191 1356 exempla

108 1388 197 1441 erunt
225 1382 502 1456 animadvertenda,
535 1384 586 1442 ubi
616 1373 838 1458 duoaosilsuaov
868 1402 933 1442 eum
958 1374 1094 1462 ἰσοκώλῳ
1116 1402 1189 1442 oon-

109 1485 337 1564 iungitur124).

194 1588 260 1647 Hae
287 1590 380 1665 igitur
409 1589 456 1649 usi
486 1589 601 1650 ratione
629 1589 661 1648 in
684 1588 897 1664 Ligariana
918 1588 992 1648 haee
1014 1588 1189 1650 invenimus

49 1692 51 1695 ’
109 1692 262 1768 exempla:

193 1793 209 1872 5
228 1799 245 1852 9
271 1796 346 1870 Quid
365 1797 439 1853 euim
462 1804 527 1853 luua
550 1795 610 1866 ille,
639 1793 761 1865 Tubero,
787 1795 940 1852 destrictus
963 1795 992 1851 iu
1012 1797 1076 1852 acub
1092 1793 1189 1852 Pbar-

109 1897 202 1954 saliaa
216 1896 334 1973 gladius
350 1902 492 1974 agebat?
519 1901 601 1958 auius
624 1899 700 1956 lalus·
723 1897 773 1954 ille
794 1917 892 1955 macero
911 1901 1062 1975 petebat?
1096 1901 1129 1955 ll
1158 1907 1192 1955 ut

110 1999 144 2073 Q.
163 2000 303 2074 Lt'grmiua
325 1999 554 2070 condemnetur,
585 2001 636 2058 aad
664 2008 697 2056 ul
717 2006 855 2060 uocetur.
899 1999 971 2060 ibid.
1003 2009 1054 2057 aul
1083 2000 1189 2058 lanima

110 2101 302 2162 Graecorum
324 2111 379 2160 aut
398 2103 559 2160 immanium
583 2100 799 2162 barbarorum.
849 2106 884 2160 14
909 2105 946 2160 Si
963 2112 992 2160 lu
1009 2111 1124 2180 repenle
1147 2106 1190 2161 ir·

109 2207 231 2264 ruisses
252 2215 281 2263 et
301 2205 430 2263 clamare
452 2208 615 2282 coepisses.
662 2209 702 2262 22
734 2200 827 2263 Varus
857 2207 1007 2283 imparium
1029 2225 1059 2263 aa
1080 2203 1192 2264 babere

79 2325 81 2330 ·
109 2305 240 2378 ilabebat,
252 2306 357 2386 fuscas
373 2317 450 2367 aeria
467 2308 608 2370 babebat.
655 2312 692 2366 31
717 2327 802 2385 quam
826 2317 892 2365 luem
913 2318 987 2366 esset
1008 2311 1192 2366 necessarius

109 2409 144 2479 is,
170 2411 222 2486 qui
242 2419 268 2467 ta
288 2418 411 2481 oraret,
432 2412 482 2468 aad
503 2430 586 2488 quam
611 2410 702 2482 illius,
726 2429 783 2486 pro
804 2429 857 2486 qua
882 2408 1051 2472 laboraret.

196 2513 243 2570 Ex
265 2521 337 2573 orat.
360 2533 389 2589 p.
412 2513 536 2572 Deiot.
560 2513 628 2571 hab.
653 2513 742 2571 haee:
766 2511 818 2589 §3
842 2514 1051 2588 Fugitivi...
1076 2530 1139 2570 oum
1157 2533 1190 2571 os

111 2614 267 2686 videbam,
289 2635 352 2674 aum
376 2615 461 2674 uerba
484 2616 652 2677 audiebam
674 2634 729 2672 nou
748 2624 804 2672 lam
823 2616 970 2695 adflictam
993 2618 1102 2691 rugiam
1120 2635 1191 2673 eou-

110 2717 247 2776 da'aiouaru
270 2718 417 2780 dolebam
434 2738 516 2799 quam
534 2719 567 2776 de
581 2718 715 2799 fortunia
731 2716 924 2777 aaramuuibua
942 2719 1188 2778 sutiruaaoebam.

113 2824 130 2877 8
155 2828 181 2878 le
202 2822 264 2879 aba
287 2821 319 2880 di
335 2832 455 2898 penales
476 2828 675 2899 aeceperunt,
699 2830 725 2879 la
743 2823 863 2880 amioum
886 2830 915 2879 el
933 2822 1079 2898 placatum
1103 2822 1190 2878 Derb-

112 2926 171 2981 rari
189 2926 269 3002 ragis
290 2943 362 2984 arae
374 2925 495 3005 soaiqua
518 2928 675 2988 ui'derunt.
725 2930 759 2984 10
784 2928 880 3004 itaqua
897 2944 953 2982 uon
970 2924 1061 2982 salum
1079 2924 1109 2981 ia
1125 2942 1189 2981 eum

110 3044 167 3084 non
190 3027 440 3098 animaduertisti,
461 3029 512 3087 aad
532 3031 610 3087 arani
629 3037 703 3086 ruala
726 3026 915 3097 liberavisti,
937 3026 1074 3103 hospitam
1097 3045 1190 3101 agua·

111 3129 197 3200 aisti,
219 3108 314 3206 rigam
337 3130 501 3207 reliquisti.
547 3131 618 3190 ibid.
642 3133 670 3189 Ia
686 3151 750 3202 rua,
776 3150 855 3208 quam
871 3138 988 3187 senalus
1006 3129 1059 3186 boa
1076 3131 1189 3186 uomina

181 3296 240 3364 124)
258 3299 288 3347 oi.
309 3300 382 3348 etiam
395 3299 538 3361 Barbigium
555 3302 573 3347 1.
584 3301 601 3346 l.
620 3300 737 3360 p.XV11.
772 3299 854 3347 Etiam
872 3299 908 3347 sio
928 3313 999 3347 suam
1016 3299 1104 3359 auique
1123 3315 1187 3348 sem-

111 3399 156 3444 per
173 3385 301 3434 ferendum
319 3388 366 3435 erit
382 3386 514 3446 iudicium,
541 3391 623 3435 utrum
640 3387 752 3435 consulto
771 3391 795 3434 et
812 3385 917 3446 cogitate
935 3389 1020 3433 auctor
1037 3386 1063 3433 in
1081 3388 1187 3435 eundem

111 3471 211 3518 modum
235 3472 346 3520 membra
369 3473 507 3534 compluria
531 3473 644 3521 desinere
667 3478 741 3535 cogat
764 3472 779 3520 i.
792 3487 813 3520 e.
832 3473 937 3532 figuram
961 3473 1077 3521 adhibeat
1100 3489 1185 3522 neone.

112 3555 175 3614 Quis
192 3555 258 3603 euim
276 3561 314 3605 est
331 3559 437 3619 exempli
456 3573 544 3619 eausa,
564 3558 605 3618 qui
622 3560 688 3620 apud
706 3558 778 3607 Caes.
797 3558 822 3605 b.
841 3573 864 3620 g.
882 3559 931 3619 IV,
951 3561 983 3610 37
1001 3560 1062 3608 haee
1079 3560 1187 3620 speeiem

111 3654 171 3702 praa
189 3655 216 3688 se
233 3642 299 3689 farre
316 3650 392 3703 neget
408 3644 609 3692 homoioteleuti:

265 3728 377 3786 „baurim
393 3729 471 3776 nostri
485 3728 571 3776 malitae
589 3730 700 3791 impetum
716 3729 816 3778 bostium
833 3729 1025 3780 adatmiirllat

266 3820 354 3875 „atqua
371 3814 476 3876 amplias
493 3815 560 3863 liaris
577 3822 690 3875 aimanor
699 3815 833 3873 fortissima
846 3821 1060 3879 pdmsdoiriaml

266 3909 305 3960 „at
317 3902 407 3962 paucis
424 3901 560 3949 uulneribus
578 3903 683 3964 acceptat
700 3904 832 3965 complures
849 3920 878 3952 aa
894 3904 932 3953 bia
949 3904 1117 3952 bacidirr'mt

112 4000 142 4033 ao
160 3993 241 4034 mmen
260 3989 315 4047 quis
332 3993 370 4035 est
387 3987 461 4036 bomo
479 4001 540 4036 sans
558 3993 647 4049 manto,
667 3988 708 4048 qui
726 3989 791 4036 buno
808 3991 890 4038 locum
907 3990 932 4038 in
946 3988 1018 4036 buius
1031 3991 1124 4050 figuras
1141 4005 1186 4037 nu·

112 4086 180 4120 mero
198 4073 308 4121 referat?
