2602 4560
547 256 762 321 ..69-

113 411 224 468 dantes.
270 409 344 470 ibid.
376 413 501 469 animum
525 414 652 484 uincere,
679 413 859 471 iracundiam
882 411 1030 484 conitere,
1057 415 1194 473 uictoriae

111 522 283 591 temperare,
309 513 507 572 aduersarium
530 514 690 586 nobilitate,
717 517 843 591 ingenio,
870 518 976 573 uirtute
994 525 1191 592 praestantem

92 636 167 675 non
190 617 273 674 modo
295 616 435 674 extollere
457 618 594 675 carentem
724 622 742 674 9
773 618 887 694 αΙίᾳιιὶιΙ
914 618 1081 689 clementer,
1113 636 1192 677 man-

109 728 201 789 suete,
227 719 310 788 nnete,
337 720 493 790 moderate,
517 723 665 795 sapienter
678 719 807 799 saetam.
859 724 895 778 10
918 739 998 798 potem
1013 731 1192 798 praesentem

109 823 265 892 intuemur,
291 823 372 879 cuius
390 830 507 879 mentem
525 841 679 899 sermnisque
696 822 826 899 eos¹⁶¹)
845 825 997 881 cernimus.
1044 823 1115 883 ibid.
1131 826 1193 901 qui-

113 923 321 986 buslaudibns
344 921 519 1004 efferemus?
541 924 644 1001 quibas
666 925 769 982 studbs
788 929 1017 1002 prosequemur?
1038 945 1094 1003 qua
1112 924 1193 984 bene·

113 1027 238 1085 uolentia
272 1026 513 1102 complectemur?
565 1032 604 1085 23
640 1029 837 1086 constituenda
871 1029 996 1099 iudn'cea,
1032 1029 1192 1086 reuocanda

108 1129 195 1202 fides,
220 1130 448 1206 comprimendae
471 1127 614 1200 libidines,
637 1131 829 1207 propaganda
852 1130 975 1201 suboles,
1002 1132 1095 1188 omnia
1111 1151 1192 1211 e.q.s.

113 1238 153 1291 26
185 1251 354 1309 magnorum
385 1233 431 1290 ucl
451 1234 479 1290 in
502 1251 570 1290 suos
600 1233 646 1290 oel
665 1236 694 1290 in
714 1236 844 1309 patriam
876 1234 924 1291 nel
949 1236 978 1292 in
1001 1253 1081 1291 omne
1100 1253 1193 1310 genus

111 1336 256 1394 bammum
277 1334 366 1414 suma
397 1337 571 1393 meritorum.
619 1338 659 1394 27
690 1337 760 1393 baec
790 1338 882 1413 igitar
904 1337 959 1395 tibi
984 1337 1096 1414 reliqua
1121 1356 1192 1413 pars

111 1448 166 1510 est,
192 1439 240 1497 bic
262 1448 357 1497 restat
377 1449 470 1508 actus,
497 1441 525 1497 in
548 1440 602 1497 boc
624 1438 827 1497 elaborandum
845 1449 895 1497 est.
944 1443 982 1497 28
1008 1439 1059 1497 illa
1076 1441 1132 1496 uita
1150 1447 1193 1496 est

112 1552 175 1612 tua,
201 1561 273 1621 penae
295 1542 404 1619 uigebit
426 1545 562 1599 memoria
584 1544 743 1601 seculorum
768 1545 909 1613 omnium,
934 1561 1017 1620 penam
1036 1542 1194 1619 posteritas

110 1646 180 1716 alet,
206 1663 290 1722 quam
313 1647 378 1722 ipsu
402 1648 556 1704 aeternitas
579 1666 687 1722 semper
710 1644 844 1703 tuebitur.
890 1643 961 1707 ibid.
991 1644 1194 1724 Obstupescent

106 1749 224 1825 posteri
244 1757 322 1806 certe
344 1750 479 1825 imperia,
511 1750 699 1825 prouincias,
725 1747 867 1817 llbenum,
895 1749 1052 1819 Oceanum,
1078 1747 1189 1817 Nilum,

107 1868 227 1928 pugnas
242 1850 472 1920 innumerabiles,
496 1851 677 1909 incredibiles
692 1852 838 1920 molarias,
863 1860 1051 1921 rnonumenta,
1075 1868 1191 1907 munera

111 1953 276 2030 triumphos
297 1954 441 2012 audientes
464 1964 492 2012 et
514 1955 639 2031 legentes
658 1965 729 2011 tuos.
778 1960 817 2012 34
843 1955 911 2011 Cum
935 1953 967 2011 id
986 1954 1189 2024 sollicitudine,

110 2076 196 2127 cura,
223 2054 323 2114 labore
346 2066 401 2114 tarn
425 2059 475 2116 diu
494 2060 690 2135 praestiterim
707 2102 712 2114 .
730 2100 735 2112 .
751 2099 757 2113 .
775 2067 852 2115 certe
868 2058 921 2115 boc
939 2067 1062 2133 tempore
1081 2057 1192 2133 magnis

111 2160 202 2230 curis,
228 2160 377 2231 molestiis,
403 2160 549 2218 doloribus
569 2171 722 2238 praestare
744 2159 837 2218 debeo.

198 2262 358 2322 Praeterea
378 2263 447 2324 vide
470 2283 557 2344 quom
581 2262 711 2322 tumidus
734 2268 765 2321 et
787 2261 904 2338 opimus
927 2281 1022 2320 sermo
1045 2261 1191 2338 copuletis

110 2365 229 2425 duobus
251 2367 426 2445 synonymis
449 2366 566 2442 saepius
590 2365 718 2425 eluceat:
741 2372 775 2426 ut
798 2365 813 2443 5
835 2371 870 2425 2:
893 2364 1058 2422 dolebam
1082 2366 1187 2435 enim,

104 2476 212 2547 patres
247 2473 422 2546 conscripti,
457 2479 485 2527 et
513 2470 744 2527 uehementer
771 2468 936 2546 angebar
967 2469 1058 2526 en'rum
1092 2468 1188 2539 talem,

109 2588 176 2628 cnm
198 2573 229 2628 in
250 2572 346 2629 eadm
371 2592 474 2643 causa,
501 2576 530 2631 in
553 2593 608 2650 qua
632 2593 700 2649 ego,
726 2572 856 2652 suisset,
882 2592 937 2630 non
961 2573 991 2630 ln
1013 2573 1109 2629 eadem
1131 2591 1192 2629 esse

103 2671 250 2750 fortuna,
286 2695 350 2732 nnec
373 2677 716 2754 mibipcrsuadere
741 2687 907 2754 poteram
939 2694 990 2733 nec
1009 2674 1079 2754 sas
1108 2695 1191 2733 esse

114 2775 282 2835 ducebam
313 2782 426 2836 uersari
446 2799 488 2837 me
510 2783 538 2838 in
562 2790 660 2837 nostro
685 2789 777 2837 cetere
799 2780 947 2836 curriculo
970 2778 1021 2835 illo
1044 2778 1190 2834 aemulo

115 2887 202 2956 utque
228 2882 425 2940 imitatore
452 2884 664 2940 studiorum
693 2902 727 2940 ne
758 2882 928 2940 laborum
958 2899 1080 2938 meorum
1109 2882 1194 2957 attasi

112 2983 234 3061 quodam
256 2987 359 3043 socio
382 3005 400 3044 a
423 3006 465 3043 me
487 2995 522 3043 et
543 2990 672 3044 comite
694 2986 847 3057 distracto,
872 2986 922 3046 vol
945 2985 1034 3065 §302
1057 2984 1190 3041 Diver-

109 3105 176 3144 sae
204 3088 419 3147 noluntates
450 3091 552 3146 civium
572 3088 699 3168 suerum
729 3089 1011 3168 distractaeque
1042 3097 1190 3147 senten-

111 3191 211 3259 tiaes
243 3210 299 3249 non
328 3193 400 3251 enim
429 3193 609 3251 consiliis
639 3195 729 3253 solum
760 3204 790 3252 et
817 3194 972 3262 studiis,
1007 3193 1057 3250 sed
1077 3193 1190 3250 armis

109 3294 199 3352 etiam
222 3302 252 3350 et
272 3298 415 3353 castris
437 3295 652 3356 dissidebamus.

198 3398 283 3456 Adde
316 3400 370 3459 hes
403 3400 621 3477 copulationes:
663 3407 682 3460 4
715 3404 816 3458 merito
849 3407 934 3476 atque
967 3399 1072 3474 optimo
1109 3399 1182 3454 inre.

112 3506 150 3561 ll
177 3502 266 3560 multo
282 3521 442 3581 magnoque
457 3507 602 3562 comitatu.
634 3504 674 3561 ib.
693 3502 830 3577 conficiat
843 3510 872 3559 et
886 3508 1042 3560 consumat.
1078 3504 1116 3558 14
1135 3519 1191 3577 pa-

109 3608 155 3663 cis
177 3614 207 3662 et
229 3613 377 3682 togae-
401 3605 471 3664 belli
491 3616 576 3684 atque
598 3624 753 3663 armorum.
807 3609 841 3663 15
873 3624 934 3662 cum
962 3612 1038 3661 esset
1064 3606 1190 3661 incertus

110 3710 208 3766 esitus
229 3716 257 3766 et
279 3727 385 3786 anceps
398 3708 526 3787 fortuna
543 3709 619 3768 belli.
665 3714 704 3766 22
729 3717 828 3766 tantae
850 3706 978 3765 latebrae
1000 3715 1030 3764 et
1051 3707 1126 3763 tanti
1145 3725 1189 3762 re-

112 3831 221 3870 cessus.
268 3817 306 3870 23
335 3814 473 3890 perculsa
497 3832 532 3870 ac
551 3820 711 3888 prostrata.
756 3811 797 3870 ib.
822 3827 894 3888 qnae
915 3809 1028 3886 dilapsa
1052 3826 1108 3865 eam
1132 3807 1189 3887 dif-

102 3917 270 3997 flunernnt.
321 3922 359 3974 29
391 3917 460 3976 vide
492 3917 571 3974 huno
601 3915 697 3975 locum
729 3915 810 3975 inter
837 3919 950 3990 tropos.
993 3912 1035 3973 ib.
1070 3920 1099 3969 et
1127 3913 1189 3972 sine

186 4138 246 4205 151)
265 4140 432 4200 accipiendum
450 4146 508 4200 puto
528 4139 616 4187 Fucrni
635 4137 807 4187 coniecturam.
